4302 5496
785 442 850 482 -2
904 413 957 496 15
1014 457 1081 482 -.

179 615 213 662 Ἰ
248 611 283 688 ἱ.
306 611 344 680 in
365 625 449 681 casu
474 607 1243 714 eo,·vbipnncum1peitextraspatiu3n
1268 608 1306 695 S,

351 730 772 828 dT.cosq.cosQ.dR

254 807 347 900 :s
519 865 600 934 aa
686 837 778 852 “””“
1054 957 1058 966 ,
1436 959 1437 962 ¹
1482 943 1486 950 ,

140 999 334 1076 denotante
359 1000 435 1075 dr
445 1005 630 1076 indefinite
653 1003 775 1090 omnia
798 1006 975 1076 elementa
1007 1005 1207 1100 superficiei
1239 1005 1344 1096 spatii
1370 1005 1414 1090 S,
1449 1015 1556 1097 atque
1583 1008 1638 1094 Q,
1669 1007 1707 1074 R

136 1131 283 1200 illorum
315 1142 480 1225 respectu
500 1119 646 1212 eadem,
684 1154 777 1224 quae
804 1119 910 1202 antea
941 1153 1009 1226 per
1039 1132 1160 1202 literas
1187 1140 1413 1200 accentuatas
1437 1140 1603 1222 respectu
1628 1129 1709 1198 ele'-

137 1265 345 1326 mentorum
380 1257 700 1327 determinatorum
731 1231 900 1350 expressa
920 1269 1021 1346 sunt,
1060 1243 1213 1352 denique
1240 1279 1269 1350 q·
1289 1253 1558 1326 inclinationem
1589 1247 1738 1324 reetae‘

28 1389 32 1394 '
138 1403 163 1450 a
184 1393 319 1475 puncto
342 1412 370 1468 μ
392 1403 517 1456 versus
541 1383 759 1454 elementum
784 1385 853 1454 dT
869 1363 995 1454 ductae
1021 1384 1068 1453 ad
1088 1393 1224 1454 rectam
1249 1363 1411 1452 nostram
1434 1361 1569 1450 fixam

216 1575 376 1656 11.1n
409 1599 494 1650 casu
516 1603 581 1669 eo,
618 1578 679 1655 vbi
712 1589 886 1674 punctum
919 1610 949 1678 μ
980 1591 1033 1652 est
1062 1581 1159 1652 intra
1189 1581 1345 1676 spatium
1386 1579 1433 1669 S,
1470 1579 1575 1650 adiici
1601 1577 1707 1646 debet

134 1703 312 1774 terminus

251 1823 304 1909 id
315 1830 455 1924 sdl'l
446 1855 564 1927 eosq

135 1952 199 2027 vbi
231 1969 333 2049 qest
362 1954 547 2042 inclinatio
572 1969 693 2029 rectae
717 1983 740 2028 a
762 1987 791 2054 μ
813 1979 936 2032 versus
965 1961 1038 2038 dl'I·
1058 1931 1187 2030 ductae
1208 1962 1256 2032 ad
1279 1971 1414 2030 rectam
1437 1956 1569 2056 fixam,
1608 1958 1705 2024 inte-

134 2081 322 2178 gratiaque
355 2106 423 2177 per
458 2097 570 2155 totam
608 2084 835 2178 superficiem
868 2085 1091 2178 sphaericam
1131 2089 1277 2157 extendi
1311 2089 1427 2163 debet.
1493 2085 1565 2153 Sed
1602 2081 1706 2151 facile

133 2208 390 2300 perspicietur,
421 2212 594 2304 integrale
612 2211 727 2299 istud,
767 2221 954 2280 extensum
979 2235 1046 2305 per
1069 2213 1373 2306 hemisphaerium
1398 2213 1454 2301 id,
1494 2235 1561 2306 pro
1588 2233 1706 2302 quoq
1789 2239 1807 2298 .‘

107 2343 263 2424 =acutus
285 2345 356 2434 est,
383 2335 479 2406 fieri
502 2364 544 2410 .-.-.
571 2344 614 2429 4
640 2359 692 2423 π,
729 2359 798 2430 per
828 2337 1133 2448 hemisphaerium
1165 2339 1318 2407 alterum
1355 2348 1549 2408 autem..
1507 2363 1549 2379 -·
1577 2373 1627 2388 -
1652 2359 1703 2422 πς
1756 2340 1759 2346 ’

137 2470 358 2572 quapropter
382 2463 555 2558 integrale
588 2457 806 2559 completum
832 2466 1030 2552 euanescit,
1061 2465 1226 2558 valetque
1249 2486 1318 2555 pro
1344 2463 1415 2532 hoc
1438 2485 1522 2531 casu
1545 2443 1703 2530 smundo
1820 2531 1825 2536 .

136 2606 241 2678 Pure
249 2587 373 2658 eadem
397 2589 585 2682 formula,
597 2613 705 2686 quam
727 2612 796 2686 pro
821 2590 939 2684 primo
963 2591 1188 2670 tradidimus.
1236 2589 1308 2660 Sed
1329 2589 1433 2658 aliter
1456 2609 1494 2658 se
1516 2561 1626 2656 hahet
1647 2608 1705 2655 res

136 2710 176 2780 in
200 2733 285 2782 casu
307 2713 415 2822 tertio

248 2909 311 2990 lll
347 2899 486 3006 quoties
518 2924 693 3008 punctum
720 2945 749 3006 μ
782 2911 901 2986 estin
933 2913 1121 3008 superficie
1151 2913 1230 3007 ipsa
1263 2914 1368 3009 spatii
1397 2891 1446 2984 S.'
1468 2909 1610 2995 Scilicet
1645 2909 1703 2978 hic

137 3058 280 3130 quoque
305 3039 525 3110 adliciendas
550 3054 603 3111 est
623 3043 797 3111 terminus

150 3191 157 3202 '
252 3159 557 3278 90·sdll·eosq

113 3255 201 3360 ¹sed
225 3291 461 3382 integratione
484 3317 551 3390 per
584 3315 645 3364 eas
666 3294 921 3364 tantummodo
939 3279 1140 3389 superficiei
1163 3294 1369 3387 sphaericae
1396 3303 1521 3386 partes.
1548 3299 1704 3373 extensa,

136 3439 207 3509 pro
234 3417 362 3508 quibus
386 3441 470 3511 pars
493 3419 637 3490 initialis
661 3417 781 3494 reeta'e
815 3443 837 3488 a
866 3429 1039 3514 prensus
1065 3420 1135 3495 dII
1162 3419 1290 3488 ductae
1316 3419 1411 3486 cadit
1431 3420 1527 3486 intra
1551 3415 1706 3509 spatium
1836 3449 1845 3470 ι

137 3541 186 3630 S,
218 3541 295 3643 siue
324 3545 749 3652 (siquidemqsuperiieies
782 3547 888 3640 spatii
912 3547 941 3616 S
968 3537 1006 3614 in
1027 3557 1161 3638 puncto
1192 3575 1220 3642 μ
1242 3568 1359 3640 neque
1382 3545 1565 3638 cuspidem
1589 3535 1705 3630 neque

138 3669 251 3738 aciem
288 3667 409 3762 offert)
441 3693 514 3762 pro.
545 3667 672 3764 quibus
701 3673 791 3742 haee
815 3666 929 3742 'recta
961 3671 1049 3741 feeit
1086 3673 1257 3766 angulum
1293 3673 1457 3742 obtusum
1491 3691 1575 3738 cum
1605 3675 1704 3734 recta

137 3795 339 3888 superficiei
371 3797 475 3889 spatii
504 3797 534 3866 S
560 3799 603 3865 in
630 3809 766 3890 puncto
800 3829 828 3892 μ
858 3785 1012 3868 normali
1046 3811 1319 3895 extrorsumque
1353 3801 1469 3869 dueta.
1534 3795 1704 3887 Superest

137 3921 281 4030 itaque,
303 3934 343 3996 vt
362 3921 535 4016 integrale
559 3921 629 3992 hoc
649 3945 756 3992 sensu
778 3937 964 4017 acceptum
990 3919 1167 4006 eruemus.

251 4127 379 4198 Secent
412 4128 501 4198 haee
532 4117 703 4198 normalis
733 4138 839 4224 atque
870 4140 969 4199 recta
1000 4127 1073 4200 fixa
1100 4123 1324 4225 snper-ficiem
1353 4128 1576 4222 sphaericam
1612 4148 1734 4224 resp.¹

97 4300 100 4307 -
136 4255 177 4322 in
210 4255 351 4346 punctis
387 4257 441 4337 G,
478 4257 538 4345 H,
561 4265 753 4337 „statuatur
790 4279 893 4330 arcus
929 4221 1020 4329 G'H
1036 4281 1074 4326 :
1097 4257 1140 4342 lc,
1182 4281 1286 4326 arcus
1321 4266 1442 4324 autern
1473 4255 1568 4324 inter
1602 4251 1638 4320 G
1671 4262 1708 4318 et

136 4389 312 4474 punctum
354 4381 578 4460 indefinitum
622 4383 823 4478 superficiei
862 4385 1068 4478 sphaericae
1107 4408 1145 4452 :
1166 4363 1218 4492 ὲνς
1270 4383 1424 4476 denique
1471 4383 1521 4472 sit
1559 4405 1591 4448 w
1633 4401 1711 4447 ana

137 4503 242 4599 galus
275 4506 482 4602 sphaericus
520 4513 615 4581 inter
648 4533 753 4582 arcus
786 4512 829 4600 h,
863 4537 894 4590 ν.
964 4511 1019 4582 Ita
1051 4511 1120 4580 erit
1150 4531 1210 4580 eos
1245 4533 1333 4606 q:
1361 4505 1431 4578 eos*
1454 4508 1568 4586 lacos
1602 4496 1630 4579 v¹
1658 4512 1701 4593 -Ι-
