4764 5334
1321 326 1604 466 ’.8-

685 592 874 678 computus
897 567 1006 672 ipsius
1032 570 1078 655 Ω
1102 577 1382 669 integrationem
1396 576 1574 673 duplicem
1600 578 1776 672 requiret,
1804 566 1912 671 atque
1935 578 1987 645 ita
2009 573 2251 669 perficiendam

686 712 773 807 erit,
797 717 836 779 vt
861 706 1069 815 primo'pro
1092 711 1227 793 puncto
1250 681 1437 774 indefinito
1459 733 1487 800 μ
1514 715 1662 774 eruatur
1684 703 1787 776 valor
1811 692 2077 796 expressionis

795 868 845 884 -
867 853 922 922 az
951 834 994 917 ÷
1020 827 1358 925 seso-ooo)
1385 836 1428 919 ÷
1456 826 1799 924 crassedo

684 959 745 1031 vbi
769 981 789 1024 z
815 966 869 1022 est
893 952 1045 1020 altitudo
1066 953 1191 1043 puncti
1218 983 1244 1042 μ
1273 970 1383 1045 snpra
1403 953 1551 1046 planum
1577 956 1640 1042 H,
1672 965 1779 1047 atque
1802 950 1978 1042 integrale
2002 952 2162 1043 primm
2187 971 2254 1044 per

682 1093 798 1152 totum
822 1081 979 1173 spatium
1005 1101 1042 1162 s,
1078 1076 1273 1144 secundum
1301 1100 1367 1169 per
1389 1089 1504 1148 totum
1528 1079 1684 1172 spatium
1710 1075 2024 1147 Sextendendum
2049 1087 2113 1144 est.
2178 1072 2254 1163 Qui

682 1208 802 1295 valor,
831 1229 854 1273 a
878 1204 952 1272 solo
977 1202 1058 1270 loco
1085 1203 1207 1292 puncti
1232 1232 1260 1305 μ
1284 1204 1464 1295 pendeus,
1488 1205 1519 1274 si
1539 1227 1607 1298 per
1631 1203 1929 1300 [p],denotatur,
1961 1197 2030 1270 erit

793 1324 1169 1422 ss:csds.[ds],
1855 1335 1860 1345 ‘

681 1458 917 1552 integratione
940 1477 1007 1547 per
1029 1464 1147 1523 totum
1166 1453 1321 1547 spatium
1346 1475 1365 1521 a
1389 1463 1544 1526 extensa.

793 1583 945 1652 Breuius
966 1582 1034 1649 hoc
1058 1581 1109 1648 ita
1132 1579 1360 1670 exprimitur:

792 1708 839 1786 Ω,
865 1733 905 1778 =
930 1742 981 1762 -·
1001 1705 1173 1799 gcfzds
1200 1711 1243 1792 ἦ·
1272 1696 1718 1806 ᾗσο][ἁε.ᾱε’.φ(ᾶε,
1739 1698 1816 1794 ds')

665 1840 673 1855 '
1119 1831 1122 1837 '
1201 1836 1244 1918 -Ι-
1273 1819 1810 1925 cQssd's.dS.‹b(ds,dS)

679 1960 738 2032 vbi
767 1981 805 2045 s,
833 1951 859 2024 ε’
881 1956 1039 2049 proprie
1066 1950 1246 2025 ‘denotant
1274 1952 1576 2047 numidamque
1601 1954 1757 2046 spatium
1790 1950 1827 2045 (a
1846 1967 2003 2044 'corpore
2028 1953 2156 2022 mobili
2182 1974 2252 2022 ex-

680 2080 853 2177 pletum),
872 2083 935 2150 sed
959 2081 1013 2150 bis
1036 2082 1075 2150 in
1100 2080 1276 2151 elementa
1301 2103 1366 2148 sua
1390 2102 1459 2174 pro
1484 2078 1617 2174 duplici
1638 2079 1874 2173 integratione
1897 2077 2163 2148 resoluendum.

682 2566 685 2570 g
789 2483 992 2574 Corporum
1023 2483 1218 2551 fluidorum
1250 2480 1389 2551 indoles
1422 2480 1707 2552 characteristica
1733 2459 1890 2551 consistit
1915 2479 2139 2572 inperfecta
2165 2472 2248 2548 mo·'

675 2607 811 2703 bilitate
835 2607 891 2678 vel
917 2609 1148 2676 minimarum
1170 2608 1347 2699 partium,
1382 2608 1433 2676 ita
1456 2620 1494 2680 vt
1517 2608 1671 2703 figuram
1696 2598 2070 2703 quamlibet'induere
2097 2606 2245 2696 possint,

677 2746 713 2802 et
735 2729 792 2803 vel
816 2734 986 2800 minimae
1007 2712 1208 2823 potentiae,
1243 2731 1396 2825 figuram
1416 2745 1558 2805 mutare
1580 2735 1725 2823 nitenti,
1767 2730 1937 2802 cedant·
1968 2732 2011 2798 In
2042 2730 2164 2797 fluidis
2185 2732 2247 2798 in-

678 2856 957 2950 expansibilibus
981 2855 1170 2948 (liquidis),
1208 2857 1335 2948 quibus
1359 2870 1483 2930 nostra
1507 2861 1703 2955 disquisitio
1736 2860 1852 2928 dicata
1877 2868 1949 2945 est,
1984 2856 2153 2925 volumen
2179 2878 2246 2923 cu-

674 2983 785 3051 iusuis
812 2974 1008 3074 particulae
1039 2991 1202 3050 constans
1228 3006 1375 3052 manere
1401 2986 1509 3055 debet
1538 3011 1606 3081 pro
1636 2984 1800 3055 omnibus
1824 2982 1959 3075 figurae
1981 2981 2247 3049 mutationibus

675 3107 944 3175 considerando
977 3109 1097 3201 itaque
1131 3131 1262 3201 corpus
1294 3109 1467 3202 fluidum,
1508 3112 1610 3181 cuius
1643 3121 1762 3182 motus
1794 3132 1862 3203 per
1897 3129 2028 3200 corpus
2059 3105 2245 3181 immobile

673 3233 825 3302 solidum
861 3233 953 3322 (vas)
985 3231 1181 3321 limitatur,
1214 3245 1249 3302 et
1266 3235 1317 3304 ‘in
1354 3239 1454 3307 cuins
1486 3237 1676 3331 particulas
1709 3247 1853 3330 praeter
1892 3234 2105 3324 grauitatem
2140 3253 2245 3325 agere

589 3427 596 3442 ,
673 3360 907 3450 supponimus
936 3369 1015 3425 tum
1038 3360 1287 3428 attractionem
1312 3366 1471 3455 partium
1499 3375 1679 3450 mutuam,
1711 3373 1789 3430 tum
1814 3360 2060 3427 attractionem
2087 3358 2244 3448 partium

675 3484 788 3568 vasis,
823 3493 935 3550 status
963 3483 1165 3573 aequilibrii
1198 3499 1340 3577 poscet,
1377 3499 1416 3559 vt
1444 3488 1546 3560 valor
1578 3489 1689 3580 ipsius
1715 3486 1762 3562 Ω
1785 3486 1830 3553 sit
1854 3485 2072 3569 maximum,
2111 3481 2133 3548 i.
2150 3504 2183 3548 e.
2208 3491 2243 3548 st

673 3608 772 3676 nulla
805 3583 1034 3699 transpositio
1069 3607 1208 3677 infinite
1240 3635 1356 3702 parua
1383 3613 1540 3707 partium
1565 3587 1666 3680 fluidi
1695 3612 1762 3704 ipsi
1786 3611 1832 3687 Ω
1856 3611 2118 3677 incrementum
2142 3608 2242 3699 posi-

621 3737 624 3743 '
670 3736 786 3802 tinum
812 3714 990 3800 inducere*
1006 3734 1128 3823 possit.
1196 3735 1429 3832 Quapropter
1459 3762 1569 3832 quum
1603 3737 1793 3807 manifesto
1825 3735 1926 3805 valor
1959 3734 2071 3826 ipsius
2102 3730 2150 3808 Ω
2178 3752 2241 3800 ea·

568 3921 570 3924 ,
668 3872 773 3928 tenus
806 3869 947 3927 tautum
983 3860 1115 3926 mutari
1147 3864 1276 3952 possit,
1317 3875 1489 3956 quatenus
1516 3865 1635 3958 figura
1666 3864 1791 3958 spatii,
1832 3861 1929 3954 quod
1951 3870 2067 3926 totum
2090 3858 2240 3925 fluidum

648 3984 815 4076 implet,
853 3995 1013 4052 mutatur
1039 3985 1171 4078 (neque
1197 4011 1283 4059 vero
1307 3983 1375 4082 p'er
1398 3990 1513 4059 solum
1537 4004 1677 4060 motum
1703 3988 1806 4057 fluidi
1832 3986 2048 4071 internum),
2088 3980 2241 4075 aequili-

668 4099 802 4178 brium=
829 4111 963 4196 aderit,
1003 4113 1140 4201 quoties
1165 4111 1210 4188 Ω
1237 4135 1304 4206 pro
1334 4116 1434 4186 nulla
1464 4115 1558 4184 illius
1582 4114 1718 4214 figurae
1742 4112 1940 4181 mutatione
1966 4106 2104 4175 infinite
2129 4128 2242 4200 parua

672 4253 756 4299 oum
790 4232 906 4324 figura
938 4237 1029 4303 vasis
1068 4239 1301 4326 conciliabili,
1341 4250 1510 4308 manente
1544 4238 1728 4310 volumine
1766 4244 1970 4318 constante,
2009 4245 2239 4324 augmentum

672 4374 802 4450 capere
823 4336 955 4448 potest,
1001 4359 1138 4450 Sponte
1162 4364 1452 4456 hinesequitur,
1484 4365 1514 4434 si
1532 4363 1653 4458 figura
1673 4363 1822 4435 omnino
1846 4345 1982 4427 nullam
2008 4360 2243 4427 mutationem

623 4463 631 4476 ’
664 4503 854 4557 assumere
884 4483 999 4578 possit
1019 4485 1119 4573 (vase
1143 4487 1304 4560 fluidum«
1322 4488 1480 4585 undique
1504 4491 1668 4585 cingente
1695 4499 1733 4559 et
1754 4484 1957 4580 tangente),
1988 4486 2083 4556 viras
2105 4484 2185 4552 illas
2199 4484 2244 4553 'in
