4302 5496
783 391 858 470 ..-
885 379 890 384 .
917 403 973 492 1⁷
1001 403 1088 468 1,-
1222 365 1225 387 f

142 608 251 686 Hsec
273 603 380 681 tertia
409 599 570 676 formida
597 617 724 676 omnes
753 624 854 674 casus
880 551 1072 698 complecti
1095 603 1236 676 censeri
1263 612 1418 699 potest
1450 604 1630 703 Integrsla
1656 612 1732 686 du.

143 738 234 834 plex
258 757 326 832 per
359 733 482 804 omnia
507 729 686 826 elementa
709 731 895 826 utriusqus
919 729 1124 826 superficiei
1148 733 1295 806 extendi
1327 731 1455 824 debet,
1488 735 1733 837 denotantque

148 889 195 961 q,
221 865 255 954 Q
290 860 460 964 angulos,
492 878 584 954 quos
604 856 691 930 facit
715 869 817 930 recta
840 859 929 970 bina
959 859 1139 934 elementa
1159 861 1227 952 dt,
1252 861 1326 932 dT
1343 861 1495 968 iungens
1524 887 1609 939 cum
1638 888 1735 941 nor.

147 989 305 1062 malibus
339 981 379 1058 iu
412 986 503 1056 haec
529 985 714 1061 clemente
734 997 946 1062 extrorsum
964 989 1112 1088 ductis,
1148 989 1346 1076 directim
1369 989 1611 1070 illius-rectas
1634 995 1735 1072 illino

148 1120 245 1190 adt
267 1128 392 1192 'versus
418 1115 505 1207 dT,
526 1113 612 1188 hinc
632 1139 655 1188 a
679 1115 751 1190 dT
768 1138 894 1221 uersus
917 1117 966 1195 dt
978 1127 1179 1226 acceptu

787 1512 794 1518 .
912 1450 981 1531 10.

267 1623 374 1698 Duae
410 1624 747 1698 transformationes
779 1624 963 1722 integralis
984 1627 1088 1742 sds.
1102 1623 1392 1732 enudaret
1424 1629 1463 1700 in
1498 1638 1579 1701 artt
1600 1640 1625 1714 8
1649 1641 1738 1726 et9

154 1756 322 1829 euolutae
345 1755 486 1853 aequali
509 1753 589 1825 sere
616 1754 858 1826 concinnitate
881 1757 1220 1848 secommendant,
1253 1757 1441 1854 proposito
1466 1768 1586 1828 autern
1611 1770 1738 1832 nostro
1773 1833 1777 1842 ,

153 1885 335 1980 posterior
360 1883 477 1978 magis
498 1881 772 1953 accommodata
796 1891 862 1954 est.
922 1871 1118 1958 Problema
1142 1884 1311 1990 generale
1339 1883 1487 1956 ulterius
1509 1885 1636 1956 reduci
1668 1875 1740 1986 ne-
1773 1965 1779 1971 .-
1851 1861 1854 1864 Ι

156 2012 252 2107 qrait,
288 2012 357 2082 nisi
389 2011 436 2081 ad
468 2009 733 2104 suppositiones
760 1999 1019 2083 determinatas
1051 2013 1109 2086 vel
1144 2013 1240 2086 circa
1272 2013 1389 2107 spatia
1413 2036 1457 2102 s,
1476 2012 1522 2101 S,
1562 2012 1743 2086 vel-circa

152 2138 380 2209 functionem
412 2137 738 2239 Qdescendamus.
790 2135 851 2208 -Et
875 2163 987 2235 quum
1019 2139 1157 2210 functio
1191 2143 1223 2228 φ
1249 2139 1425 2232 originem
1452 2139 1574 2209 trahat.
1606 2165 1629 2204 a
1651 2140 1744 2209 sun-

156 2267 275 2336 ctione
304 2265 353 2358 s,
389 2263 675 2359 disquisitionem
703 2261 913 2336 vlteriorem
945 2269 1019 2338 ism
1061 2276 1352 2362 superstruemus
1392 2259 1510 2330 eidem
1539 2255 1744 2358 hypothesi,

156 2418 179 2463 a
210 2415 282 2487 qua
319 2391 368 2464 ill.
402 2389 562 2486 Laplacs
597 2387 782 2484 profectus
814 2401 890 2482 est,
930 2406 1021 2490 puta
1045 2381 1154 2469 'vires
1188 2393 1396 2465 attractiuas
1432 2385 1672 2458 moleculsues
1704 2388 1745 2457 iu

156 2521 335 2592 distantiis
363 2515 628 2590 insensibilibus
656 2525 801 2588 tantum
832 2489 1019 2588 sensibiles
1050 2535 1140 2586 esse.
1204 2511 1274 2582 Cui
1309 2511 1436 2608 phrasi
1468 2495 1582 2607 quum
1608 2511 1745 2609 aliquid
1883 2518 1886 2524 '

155 2648 239 2743 vagi
262 2647 469 2738 inhaereat,
505 2644 679 2742 quamdiu
708 2666 789 2716 non
815 2643 1018 2738 assignatur
1047 2643 1186 2732 unitas,
1223 2649 1309 2712 unte
1339 2640 1463 2712 omnin
1494 2638 1745 2726 obseruamus,

156 2776 243 2870 vius,
275 2776 504 2848 attractiuam
536 2773 616 2872 fr,
658 2794 727 2868 per
767 2771 995 2843 functionem
1034 2769 1224 2841 distantiae
1261 2791 1283 2840 r
1315 2789 1544 2864 expressam,
1587 2778 1627 2842 vt
1661 2792 1746 2842 cum

157 2903 336 2998 grauitate
355 2928 384 3001 g
407 2903 634 2997 homogenea
653 2899 803 2990 euadat,
833 2909 941 2970 autea
962 2920 1031 2994 per
1055 2893 1213 2968 massam
1237 2894 1395 2992 aliquam
1420 2894 1653 2990 multiplicari
1675 2897 1746 2968 de-

157 3029 268 3120 bere3
301 3027 374 3098 ianr
395 3043 511 3096 'mens
541 3031 637 3102 illius
668 3027 924 3122 suppositionis
957 3040 1001 3096 ea
1026 3035 1097 3116 est,
1136 3035 1176 3097 rt
1201 3025 1396 3096 denotante
1417 3021 1471 3096 M
1491 3046 1650 3096 massam
1675 3025 1746 3096 ali-

81 3227 83 3230 .
133 3159 291 3250 'quam,
329 3151 443 3248 qualis
467 3154 507 3222 in
530 3153 789 3246 experimentis
815 3176 1007 3226 occurrere
1027 3162 1166 3248 potest,
1198 3161 1288 3248 puta
1312 3175 1423 3248 quarn
1441 3152 1613 3248 respectu
1635 3153 1747 3224 totius
1854 3157 1857 3162 ’

161 3293 283 3352 terrae
308 3298 376 3374 pro
408 3279 521 3350 nihilo
553 3277 689 3350 habere
718 3279 820 3371 licet,
861 3281 914 3352 M
910 3282 948 3374 f
948 3287 969 3353 'r
994 3303 1139 3379 semper
1167 3289 1312 3350 maneat
1339 3277 1556 3352 insensibilis
1578 3289 1747 3384 respectu

43 3461 50 3468 .
161 3408 373 3505 grauitatis,
415 3407 595 3502 quamdiu·
628 3427 651 3478 r
690 3407 854 3482 saltuem
890 3375 1071 3481 mensuris
1103 3409 1240 3479 nostris
1274 3407 1479 3480 sensibilem
1513 3409 1745 3503 quantumuis

162 3558 322 3632 paruum
337 3531 468 3624 babet,
492 3535 580 3606 dum
604 3513 697 3607 nihil
719 3523 912 3632 impediat,
936 3537 1131 3640 quominus
1150 3533 1258 3612 'calm
1279 3536 1390 3630 ipsius
1415 3535 1467 3606 M
1462 3535 1498 3629 s
1500 3558 1521 3606 r
1545 3536 1585 3606 iu
1605 3537 1745 3610 distan-

164 3664 223 3733 tiis
242 3660 509 3734 insensibilibus
533 3685 609 3734 nou
633 3663 753 3736 solum
780 3665 957 3738 sensibilis
980 3664 1080 3754 fieri,
1117 3663 1182 3734 sed
1212 3661 1324 3760 adeo,
1358 3663 1689 3760 decrescenteipsa
1712 3669 1746 3756 r,

167 3813 296 3862 omnes
322 3789 454 3862 limites
486 3812 660 3884 superare
688 3794 811 3884 possit
872 3791 985 3866 Haud
1009 3816 1097 3868 saue
1132 3793 1209 3863 sine
1241 3791 1479 3862 admiratione
1500 3789 1754 3883 deprsbeudi-'

166 3936 270 4005 mus,
304 3942 415 4014 quam
438 3919 575 4014 grana
593 3939 641 3988 ex
670 3919 739 3988 hac
770 3919 849 3996 sola
875 3919 1087 4014 hypothesi,
1120 3921 1209 3990 dum
1229 3909 1446 4013 'ceteroquin
1468 3915 1529 3986 lex
1552 3917 1748 3992 functionis

161 4046 221 4138 fr
245 4054 433 4141 tamquam
466 4046 616 4119 omnino
638 4047 823 4142 incognita
853 4057 1053 4142 spectatur,
1087 4045 1218 4118 eruere
1239 4045 1367 4135 licent,
1400 4042 1646 4116 characterem
1665 4069 1749 4118 rua-

165 4173 403 4270 tltematieum
434 4197 584 4273 prorsus
614 4165 839 4272 peculiarem
865 4197 954 4270 prae
985 4197 1024 4244 se
1056 4173 1227 4246 ferentia:
1263 4173 1352 4244 dum
1384 4169 1521 4242 scilicet
1550 4171 1660 4246 rebus
1694 4178 1745 4248 sie

168 4299 361 4382 stantibus¹
375 4305 638 4396 praecisionem
672 4303 965 4376 mathematicum
995 4302 1198 4376 absolutam
1214 4302 1295 4374 sibi
1331 4299 1515 4375 undem
1548 4311 1745 4400 nequeunt,
1821 4371 1830 4382 ,
1911 4349 1917 4357 -

169 4437 293 4496 tamen
316 4434 455 4500 tantam
479 4433 675 4516 certissime
696 4433 958 4528 praecisionem
982 4439 1162 4520 tuentur,
1187 4442 1227 4506 vt
1253 4451 1322 4525 per
1343 4427 1485 4500 nullum
1513 4407 1746 4523 experimen-

169 4563 249 4648 tusu
275 4553 347 4629 vlla
378 4555 556 4632 aberratio
589 4583 613 4631 a
640 4563 790 4636 veritate
819 4559 985 4634 absoluta
1006 4551 1160 4656 reperiri
1184 4559 1316 4656 possit3
1350 4555 1620 4655 quamprimum
1649 4559 1743 4631 enim

1121 4769 1123 4784 ,
1236 4700 1262 4772 3
