4302 5496
761 353 1242 488 kas-'¹

163 613 207 680 ct
228 621 313 700 pars
336 618 408 678 rna
431 621 543 697 supra
565 599 715 670 alteram
741 597 852 672 libere
877 599 1025 695 gliscere
1048 603 1178 696 possit,
1213 572 1300 674 dum
1323 600 1382 674 vet
1407 599 1566 672 minima
1579 603 1631 674 vis
1655 626 1740 672 mo-

159 739 245 802 tum
273 727 449 824 postulat,
486 726 638 798 fluidum
661 727 863 796 necessario
896 717 949 798 illi
974 719 1170 800 conducat
1188 751 1232 802 ae
1256 726 1550 800 accommodabit.
1612 727 1737 822 Longe
1827 739 1833 748 '

161 878 254 931 vero
279 839 350 926 alia
380 864 433 926 est
462 852 555 924 ratio
584 841 752 946 principii
784 855 932 926 secundi
964 856 1045 946 (art.
1059 851 1141 948 29),
1177 855 1290 950 quod‘
1305 853 1538 930 essentialiter
1561 827 1694 946 pendet
1711 879 1741 924 a
1837 867 1842 876 '

160 981 328 1078 perlecta
350 981 472 1052 limitis
496 981 533 1050 P
557 978 757 1048 mobilitate
790 981 830 1050 in
855 981 1043 1074 superficie
1073 983 1173 1054 vasis.
1238 980 1403 1052 Conditio
1435 979 1573 1048 minimi
1603 980 1653 1070 in
1673 1007 1740 1053 va-

160 1090 244 1178 lore
273 1109 385 1202 ipsius
421 1108 482 1179 W
505 1107 628 1200 vtique
659 1107 816 1200 posttdat
851 1110 1102 1202 aequationem
1138 1109 1215 1178 i:
1244 1108 1300 1180 A:
1325 1107 1371 1184 ‚si
1403 1123 1508 1192 vero,
1549 1107 1739 1200 postquam

162 1232 372 1326 superficies
394 1233 494 1304 fluidi
519 1234 632 1328 priori
653 1234 797 1327 quidem
819 1236 997 1328 principio
1028 1257 1065 1304 sa
1088 1233 1391 1322 accommodamt,
1429 1231 1577 1323 angulus
1604 1234 1617 1300 i
1642 1257 1739 1302 non-

161 1361 254 1428 dum
284 1369 496 1454 assequutus
529 1370 581 1430 est
616 1360 776 1433 valorem
812 1361 1031 1448 normalem,
1075 1383 1207 1456 neque⁸
1223 1359 1314 1430 adeo
1348 1359 1407 1432 W
1436 1357 1594 1430 valorem
1630 1360 1737 1428 abso-

160 1485 242 1554 lute
265 1486 475 1588 minimum,
510 1489 680 1557 transitus
706 1489 745 1558 in
768 1499 899 1557 statum
933 1486 1134 1580 aequilibrii
1165 1485 1315 1579 perfecti
1344 1483 1424 1552 fieri
1457 1485 1581 1575 nequit
1606 1484 1738 1578 absque

160 1612 444 1682 trausloeatioue
474 1611 595 1682 limitis
627 1615 682 1702 P,
719 1616 795 1686 siue
822 1614 955 1708 absque
987 1623 1090 1682 motu
1120 1612 1221 1682 flssidi
1250 1613 1289 1680 in
1325 1619 1495 1679 contactu
1525 1633 1606 1680 cum
1642 1633 1761 1693 vasa·

165 1739 267 1834 quali
296 1739 411 1808 motui
440 1739 562 1832 vtique
593 1740 890 1836 obstare-potest
923 1741 1053 1812 frictio.
1069 1765 1077 1824 j
1114 1737 1212 1812 Hinc
1243 1733 1469 1808 manifestum
1503 1748 1575 1823 ost,
1614 1759 1678 1804 cnr
1700 1739 1753 1834 in.

166 1867 421 1960 experimentis
458 1865 552 1934 circa
585 1868 711 1937 eadem
747 1891 901 1962 corpora
936 1867 1105 1936 institutis
1139 1875 1256 1934 tantas
1291 1864 1509 1934 differentias
1546 1864 1584 1931 in
1615 1843 1763 1944 valore,

85 2057 94 2078 ,
152 1993 289 2085 ¹anguli
323 1991 599 2066 s'offendamus.
664 1993 821 2064 Perinde
852 1997 892 2062 in
928 2017 1013 2064 casu
1044 2018 1107 2082 eo,
1145 1993 1205 2074 vbi
1240 1989 1297 2069 ἔς
1324 2007 1363 2086 >
1387 2018 1471 2066 aa.
1516 1989 1669 2056 fluidum
1701 1989 1739 2054 in

164 2119 409 2222 vase,.cuius
440 2119 593 2212 parietes
622 2120 695 2193 iam
720 2131 811 2198 ,sunt
841 2121 1055 2208 madefacti,
1090 2121 1212 2212 vtique
1246 2139 1284 2186 se
1317 2124 1508 2208 componet
1544 2113 1591 2180 ad
1624 2111 1738 2202 legem

165 2245 389 2340 aequilibrii,
442 2245 642 2328 secundum
689 2269 796 2338 quam
845 2269 914 2338 pro
940 2257 1063 2338 *parte
1110 2243 1333 2315 substantiali
1376 2241 1480 2309 fluidi
1519 2241 1594 2310 esse
1635 2237 1739 2305 debet
1865 2233 1869 2242 ’

169 2376 386 2454 i1:180⁰:
425 2372 546 2442 sedin
570 2393 676 2460 vase,
711 2373 810 2440 cuius
836 2375 993 2464 pasietes
1019 2381 1121 2440 extra
1145 2371 1296 2438 fluidum
1319 2370 1516 2436 etiamnum
1540 2374 1623 2454 sunt
1645 2364 1738 2468 sicci,

165 2501 322 2572 fluidum
347 2524 369 2569 a
391 2509 487 2570 statu
504 2513 582 2568 'non
606 2497 839 2590 aequilibrato
860 2498 1088 2591 proficiscens
1113 2497 1340 2592 parietesque
1363 2494 1454 2563 vasis
1485 2491 1596 2560 siccas
1625 2489 1734 2554 inua-

167 2629 262 2705 dens,
291 2630 364 2696 iem
407 2627 454 2695 ad
486 2625 641 2717 quietem
683 2624 874 2717 peruenire
910 2627 1059 2716 poterit,
1104 2634 1295 2713 antequam
1335 2618 1487 2710 angulus
1525 2618 1539 2684 i
1575 2614 1736 2686 valorem

170 2761 268 2836 1800
296 2754 420 2847 attigit
482 2750 579 2819 Hinc
604 2749 711 2818 simul
736 2749 852 2818 elucet
871 2753 980 2838 ratio,
1015 2733 1080 2818 cur
1108 2749 1360 2842 phaenomena
1392 2721 1572 2835 capillaria
1603 2738 1739 2808 fluido·
1794 2817 1805 2832 ί

169 2905 253 2955 rum
283 2883 429 2970 talium,
472 2898 564 2972 qnae
600 2874 852 2946 madefactioni
883 2899 957 2944 non
993 2877 1246 2961 aduersantur,
1288 2873 1328 2942 iu
1362 2870 1457 2938 tubis
1491 2869 1592 2938 siccis
1624 2874 1740 2932 tantas

170 3011 450 3112 irregularitates
478 3005 650 3093 offerant,
690 3025 945 3094 ascensumque
974 3003 1178 3094 saepissime
1203 2999 1309 3090 longe
1337 2997 1535 3082 minorem,
1574 3013 1682 3083 quam
1702 2987 1739 3054 in

171 3139 268 3209 tubis
300 3139 372 3206 iam
406 3133 637 3222 humectatis,
673 3129 735 3203 vbi
759 3151 969 3200 consensum
1003 3127 1287 3222 pulcherrimum
1316 3145 1397 3192 cum
1427 3119 1569 3190 theoria
1598 3134 1740 3206 semper

170 3265 392 3360 aspicimus·
740 3334 743 3340 .
843 3331 846 3338 ,
1059 3333 1062 3338 ⁴

286 3390 346 3460 111.
380 3388 489 3458 Ratio
522 3363 760 3457 constantium
787 3411 832 3473 a,
857 3383 888 3462 ,ζ
909 3407 929 3452 e
954 3381 1211 3475 phoenomenis
1241 3375 1397 3448 deriuari
1426 3372 1568 3472 nequit,
1604 3357 1741 3460 quoties

172 3518 276 3599 Cast
297 3517 415 3588 maior
440 3537 548 3608 qnam
577 3536 620 3590 a:
656 3511 773 3604 figura
794 3511 888 3580 enim
921 3509 1080 3576 eiusdem
1110 3505 1210 3572 fluidi
1234 3504 1272 3570 in
1294 3495 1438 3574 vasibus
1462 3495 1578 3568 forma
1604 3514 1741 3586 aequa-

169 3646 265 3718 libus
300 3642 452 3728 materia
488 3641 638 3710 diuersis
669 3661 738 3732 pro
775 3637 842 3707 isto
869 3659 953 3704 casu
985 3657 1058 3702 non
1094 3627 1215 3700 differt
1244 3630 1314 3698 nisi
1344 3636 1509 3720 respectu
1545 3621 1635 3692 cutis
1667 3618 1741 3686 im-

170 3767 422 3842 mensurabilis
446 3789 510 3840 vas
535 3765 813 3835 madefacientis.
877 3762 1028 3850 Quoties
1055 3771 1171 3826 autem
1201 3754 1227 3833 ζ
1250 3757 1368 3823 minor
1392 3763 1446 3822 est
1467 3775 1574 3846 quam
1601 3774 1647 3835 a,
1673 3746 1740 3813 de-

145 3895 377 3986 terminatio
410 3893 559 3962 rationis
591 3893 686 3960 inter
722 3891 787 3959 has
826 3898 1027 3958 constantes
1057 3883 1233 3978 possibilis
1268 3882 1410 3974 quidem
1448 3889 1502 3946 est
1533 3877 1765 3952 adiumento·

171 4023 292 4117 anguli
327 4023 360 4110 i,
397 4023 461 4092 sed
496 4029 647 4114 propter
687 4018 843 4086 rationes
866 4010 987 4111 'modo
1026 4011 1150 4078 allatas
1188 4031 1355 4100 magnam
1387 4003 1645 4098 praecisionem
1680 3995 1741 4066 vix

171 4151 274 4221 feret.
338 4148 411 4218 Pro
450 4145 630 4215 mercurio
673 4145 712 4212 in
753 4141 894 4213 vasibus
941 4138 1062 4210 vitreis
1112 4131 1162 4212 ill.
1198 4133 1354 4227 Laplace
1401 4131 1522 4198 statuit
1570 4121 1738 4218 angulum

170 4281 347 4360 1⁴:43⁰
377 4265 444 4355 12‘·

284 4404 411 4498 Longe
436 4400 581 4472 maioris
605 4397 835 4492 praecisionis
857 4415 971 4486 capax
997 4402 1049 4460 est
1075 4389 1323 4460 determinatio
1350 4381 1541 4453 constantis
1563 4406 1609 4458 a,
1631 4397 1741 4468 prae-

171 4534 294 4608 sertim
318 4533 348 4602 si
373 4531 516 4604 vasibus
542 4523 840 4598 madefactionem
867 4517 1134 4593 admittentibus
1151 4515 1201 4590 vti
1222 4515 1313 4584 licet.
1364 4510 1436 4578 Pro
1457 4531 1548 4602 aqua
1565 4505 1628 4576 sub
1645 4514 1739 4571 tem-

1221 4611 1323 4723 ν’
