4764 5334
1342 340 1423 409 ὼ,
1457 336 1518 417 44
1574 376 1633 395 ..-

859 520 947 609 ‹lW
968 556 1007 599 =
1032 518 1501 628 ·-·s‹l!'.·rl⁴÷··⁰⁶⁸(5ass)
1523 533 1603 623 (aa
1624 530 1718 602 cosi
1739 550 1792 587 -'-
1819 557 1884 609 aeo
1911 536 1955 623 ·l·
1982 512 2091 625 lii)

550 676 564 685 '
691 666 787 738 vnde
813 660 1074 729 introducendo
1102 662 1338 753 angulanis!
1361 663 1469 731 talem
1497 673 1536 733 vt
1557 663 1603 733 sit

876 880 935 927 cos
961 856 1003 929 A
1026 884 1067 927 =
1090 888 1339 991 -ῑῐ-
1365 882 1443 929 siue
1468 860 1523 929 sin
1550 856 1625 955 {A
1647 884 1689 933 ·:.

1091 817 1228 863 aar·
1254 786 1342 866 96&
1385 860 1394 877 ‚
1714 782 1751 906 Ξ

1722 944 1751 996 d

696 1030 870 1111 habemus
926 1134 937 1141 ..
1270 1082 1273 1087 -
1643 1050 1647 1055 ·

864 1152 1017 1242 lW=
1040 1150 1670 1275 aafdP.‹le.cos⁸(5‚8)·(cosA
1692 1198 1738 1217 -
1760 1161 1870 1251 cosa)

698 1294 937 1389 integratione
962 1314 1029 1387 per
1050 1303 1166 1363 totam
1185 1292 1322 1361 lineam
1343 1292 1380 1361 P
1405 1298 1564 1361 extensa.
1587 1276 1590 1283 ¹
1620 1288 1806 1361 Memores
1830 1310 1906 1357 ease
1931 1286 2129 1375 debemus,
2168 1282 2279 1353 Ῑοοῑο-

699 1436 779 1491 reni
809 1445 871 1491 cos
887 1428 938 1511 (5,
956 1422 998 1513 8)
1030 1420 1217 1517 aequalem
1244 1442 1322 1489 esse
1348 1420 1418 1512 ipsi
1452 1420 1507 1488 sin
1523 1420 1579 1505 (5,
1596 1419 1658 1509 6),
1696 1419 1798 1511 signo
1832 1416 1989 1511 positiuo
2024 1413 2086 1489 vel
2119 1411 2279 1505 negatiuo

701 1550 854 1637 affecto,
892 1559 1002 1643 prout
1027 1548 1181 1617 fluidum
1204 1548 1243 1615 in
1269 1557 1372 1615 motu
1396 1570 1462 1614 suo
1486 1544 1632 1617 virtuali
1658 1543 1756 1639 apud
1779 1542 1999 1613 elementum
2019 1536 2092 1611 dP
2116 1538 2176 1611 rel
2195 1536 2280 1608 vltra

699 1676 851 1747 limitem
882 1680 918 1747 P
946 1676 1171 1765 redundare,
1204 1675 1261 1749 vcl
1293 1674 1386 1741 citra
1413 1671 1583 1739 recedere
1604 1672 1816 1764 concipitur.
1846 1654 1851 1661 ¹
1883 1666 1983 1735 Hinc
2004 1664 2114 1733 facile
2137 1662 2280 1732 conclu-

704 1804 840 1895 dimus,
866 1807 904 1875 iu
920 1815 1016 1875 statu
1035 1803 1256 1899 aequilibrii,
1281 1798 1498 1894 generaliter
1522 1798 1715 1893 loquendo,
1738 1795 1870 1889 ubique
1896 1814 1974 1863 esse
1999 1789 2138 1860 debere
2158 1790 2226 1858 i:
2239 1788 2279 1859 A.

705 1930 742 1997 Si
768 1933 862 1999 enirn
889 1933 929 2001 in
955 1932 1075 2024 aliqua
1107 1942 1212 2023 parte
1233 1931 1350 1998 lineae
1375 1924 1412 1996 P
1434 1936 1527 1995 esset
1552 1927 1567 1995 i
1592 1940 1633 2023 <
1666 1922 1724 2005 A,
1757 1933 1877 1993 motus
1902 1918 2065 1994 virtualis
2090 1916 2202 2011 primi
2223 1938 2281 2007 ge-

704 2060 803 2128 neris
831 2059 870 2127 in
901 2059 969 2128 hac
994 2068 1120 2150 parte,
1157 2068 1327 2126 manente
1350 2064 1453 2148 parte
1479 2052 1619 2145 reliqua
1647 2050 1771 2119 limitis
1801 2050 1836 2118 P
1859 2048 2060 2133 inundata,
2096 2042 2279 2111 manifesto

701 2178 772 2268 ipsi
813 2185 874 2247 W
902 2185 1140 2255 variationem
1178 2184 1383 2276 negatiuam
1424 2178 1631 2267 induceret,
1677 2186 1716 2245 et
1749 2173 1902 2269 perinde
1935 2172 2109 2263 negatiua
2141 2168 2280 2241 variatio

703 2302 815 2393 ipsius
847 2301 907 2371 W
921 2299 1086 2393 prodiret
1108 2320 1176 2390 per
1209 2318 1349 2365 motum
1377 2306 1569 2375 virtualem
1599 2295 1702 2367 fluidi
1730 2298 1878 2367 secundi
1905 2299 2066 2393 generis,
2104 2296 2200 2366 siin
2220 2293 2281 2363 vlla

705 2438 810 2520 parte
833 2427 951 2497 lineae
979 2424 1133 2520 Pesset
1158 2424 1173 2492 i
1205 2436 1246 2519 >
1273 2420 1331 2495 A:
1370 2430 1522 2515 utraque
1555 2421 1666 2514 igitur
1692 2426 1891 2518 suppositio
1920 2424 2124 2495 conditioni
2151 2423 2281 2493 minimi

706 2553 743 2620 in
772 2551 986 2645 aequilibrio
1011 2554 1234 2620 aduersatur.

818 2676 900 2745 Hoc
934 2688 988 2747 est
1019 2679 1208 2746 theorema
1230 2672 1502 2745 fundamentalia
1533 2677 1752 2765 secundum,
1787 2678 1885 2769 quod
1910 2678 2017 2746 etiarn
2037 2678 2282 2771 inuestigatio-

708 2803 813 2870 nibus
834 2802 881 2869 ill.
911 2800 1069 2895 Laplace
1093 2806 1349 2889 intertextum,
1385 2800 1449 2871 sed
1482 2825 1503 2871 e
1532 2804 1711 2901 principio
1733 2804 1868 2875 virium
1891 2802 2173 2875 moleculariurn
2196 2804 2281 2874 haud

708 2928 994 2997 demonstratum
1025 2928 1198 3002 ridemus.
1239 2934 1251 2955 '

1466 3180 1536 3258 30·

819 3331 1028 3403 Tlrcorema
1058 3344 1127 3403 art.
1160 3353 1278 3426 praec.
1307 3328 1574 3400 modificatione
1606 3332 1761 3425 quadam
1798 3342 1880 3424 eget
1909 3332 1947 3399 in
1988 3353 2075 3400 casu
2107 3330 2283 3425 singulari,

706 3480 814 3550 quern
839 3458 980 3528 silentio
1013 3456 1213 3555 praeterire
1241 3480 1317 3526 non
1347 3456 1441 3527 licet.
1505 3456 1634 3527 Tacite
1667 3458 1802 3528 scilicet
1839 3458 2115 3553 supposuimus,
2158 3481 2283 3552 super-

704 3584 825 3655 ficiem
858 3588 952 3657 vasis
975 3588 1078 3656 iuxta
1102 3596 1222 3656 totum
1251 3584 1404 3654 limitem
1426 3584 1462 3654 P
1486 3596 1682 3655 curantura
1706 3588 1875 3655 contiuua
1902 3586 2082 3679 gaudere,
2114 3584 2169 3653 ita
2194 3586 2282 3656 utin

705 3712 834 3803 quouis
871 3712 980 3783 huius
1015 3714 1140 3782 limitis
1177 3721 1312 3807 puncto
1358 3712 1506 3783 vidoram
1542 3712 1692 3807 planum
1735 3712 1964 3808 superficiem
2006 3716 2102 3785 rasis
2140 3722 2283 3806 tangens

702 3849 827 3910 exstet.
892 3843 931 3910 si
955 3840 1172 3910 continuitas
1204 3848 1423 3907 curuaturae
1448 3840 1488 3907 in
1513 3838 1633 3933 aliquo
1656 3853 1790 3933 puncto
1822 3841 1992 3937 singulari
2022 3840 2141 3911 lineae
2167 3842 2207 3909 P
2229 3838 2284 3906 in-

697 3970 960 4061 ,aerumpnam
1002 3969 1080 4039 siue
1111 3968 1232 4059 cuspis
1262 3965 1313 4035 ibi
1346 3966 1457 4054 adsit,
1494 3966 1572 4035 siue
1598 3968 1692 4034 acies
1718 3966 1850 4036 lineam
1882 3970 1918 4037 P
1941 3968 2143 4049 traiiclens,
2186 3962 2283 4033 facile

698 4098 955 4187 perspicietur,
998 4095 1266 4164 conclusionem
1294 4104 1456 4161 nostram
1486 4092 1572 4197 hinc
1596 4116 1670 4163 non
1698 4095 1882 4163 immutari
1890 4120 1902 4185 3
1942 4096 2006 4165 sed
2033 4092 2142 4161 aliter
2167 4068 2285 4161 ressa

693 4217 824 4309 habet,
862 4224 894 4292 si
930 4224 1147 4293 continuitas
1180 4228 1399 4291 curuaturue
1431 4220 1635 4315 interrupta
1667 4231 1721 4289 est
1750 4222 1788 4291 in
1821 4233 1923 4315 parte
1952 4218 2057 4289 linita
2088 4220 2212 4291 lineae
2244 4220 2286 4307 P,

656 4423 662 4433 .
690 4343 714 4421 i,
738 4368 768 4415 e.
805 4349 834 4415 si
860 4348 1070 4442 superficies
1095 4350 1189 4424 rasis
1213 4371 1283 4443 per
1312 4358 1457 4443 partem
1481 4346 1621 4418 finitam
1651 4347 1769 4417 lineae
1800 4348 1836 4417 P
1861 4347 1936 4441 (vel
1960 4320 2060 4417 adeo
2080 4368 2153 4443 per
2174 4358 2285 4419 toturn

637 4518 639 4523 -
689 4472 782 4543 hanc
818 4476 967 4573 lineam)
1001 4477 1116 4548 aciem
1153 4478 1271 4548 offert.
1340 4474 1448 4547 Tunc
1480 4474 1616 4549 scilicet
1652 4476 1693 4543 iu
1720 4476 1849 4569 quouis
1879 4470 1963 4547 talis
1998 4474 2120 4569 paru·
2153 4470 2285 4573 puncta

1135 4728 1146 4767 l
