4302 5496
792 407 1202 508 -81-Δ

128 623 232 697 dunt
266 630 371 696 motu
400 616 575 692 continuo
607 618 788 716 descripta
819 601 1056 718 supponitur,
1093 621 1172 694 eius
1194 618 1376 700 elementa
1401 621 1475 695 ΗΡ
1503 621 1669 719 (perinde
1692 639 1731 702 vt

126 749 325 822 elementa
346 743 549 844 superficiei
577 745 667 844 dv)
695 735 842 842 semper
863 749 1023 844 positiue
1043 747 1268 846 accipiemus
1317 747 1481 838 ¹Casinus
1505 751 1731 848 angulorum,

126 899 235 971 quos
268 849 420 946 directio
449 873 617 944 elementi
646 875 718 946 dP
749 873 838 946 facit
870 898 958 945 cum
988 876 1116 947 axibus
1141 875 1433 946 coordinaurum
1453 900 1497 965 c,
1520 902 1565 970 y,
1586 903 1628 969 a,
1662 903 1729 973 per

127 1001 193 1090 X,'
230 1003 285 1090 Y,
306 1003 341 1070 Z
363 1002 596 1070 denotamus:
631 1025 679 1071 ne
707 1023 795 1075 vero
826 1023 953 1072 sensus
981 1003 1187 1080 directionis
1219 1001 1411 1098 ambiguus
1434 1015 1598 1094 maneat,
1634 1005 1729 1106 hanc

124 1128 185 1196 ita
218 1127 470 1218 decernimus,
502 1139 541 1202 vt
564 1131 644 1222 ipsa
667 1131 786 1224 primo
811 1129 913 1218 loco,
951 1129 1100 1200 directio
1124 1125 1306 1199 'normalis
1330 1130 1370 1200 in
1401 1111 1618 1212 elementum
1655 1127 1727 1200 dr

125 1253 370 1350 superficiem
399 1256 438 1324 U
460 1257 639 1347 tangentis
671 1267 708 1326 et
742 1255 849 1326 huius
883 1267 1050 1350 respectu
1071 1255 1269 1328 introrsum
1295 1257 1424 1326 ductae
1448 1257 1608 1329 secundo
1632 1255 1725 1344 loco,

126 1381 298 1474 denique
322 1380 495 1451 normalis
514 1381 553 1450 in
577 1381 805 1476 superficiem
833 1393 1071 1476 respectuque
1095 1383 1200 1476 spatii
1229 1407 1253 1450 s
1273 1391 1480 1452 extrorsum
1512 1383 1620 1452 ducta
1643 1391 1723 1452 ter·
1753 1429 1761 1446 ,

125 1505 185 1575 tio
214 1505 319 1602 loco,
344 1509 564 1578 constituant
587 1519 745 1601 systema
766 1510 878 1578 trium
902 1519 1084 1578 rectarum
1109 1507 1274 1577 similiter
1296 1509 1465 1602 deinceps
1488 1510 1660 1597 sitarum,
1685 1519 1724 1580 vt

126 1653 225 1700 axes
262 1633 555 1704 coordinatorum
589 1659 634 1724 x,
659 1661 712 1734 y,
743 1660 774 1704 a.
836 1634 892 1704 Ita
927 1635 1033 1704 facile
1057 1634 1306 1732 perspicietur
1339 1633 1401 1728 (cf.
1431 1631 1605 1728 Disquiss.
1641 1657 1722 1727 geu·
1775 1642 1778 1650 '

127 1759 236 1828 circa
260 1759 468 1854 superficies
490 1783 621 1832 curuas
645 1773 710 1831 art
723 1758 783 1856 2),
823 1761 968 1831 cosinus
990 1759 1206 1854 angulorum
1230 1761 1328 1830 inter
1359 1743 1594 1852 directionem
1621 1760 1719 1831 illam

126 1887 336 1956 secundam
358 1895 466 1981 atque
492 1909 577 1958 axes
598 1869 891 1957 coordinatarum
917 1908 963 1975 x,
986 1908 1032 1978 y,
1055 1907 1078 1954 z
1103 1905 1180 1954 esse
1204 1909 1297 1980 resp.

305 2014 396 2106 ηοΖ
420 2049 466 2066 -
489 2007 603 2109 ζοῖ,
635 2007 805 2109 ζ’)Χ-
829 2005 938 2108 ξοΖ,
973 2001 1149 2106 ξοῖ-
1173 2015 1273 2108 q0X

127 2136 162 2205 si
188 2127 255 2235 ξο,
281 2131 406 2235 910,ζο
432 2113 667 2215 siut-voloces
686 2141 847 2234 ipsarum
873 2129 916 2238 ξ,
940 2165 983 2235 η,
1008 2131 1125 2236 {pro
1150 2149 1287 2233 puncto
1311 2135 1478 2209 elementi
1500 2140 1599 2246 de..

892 2391 968 2468 21*

248 2531 317 2608 His
340 2539 392 2610 ita
415 2539 639 2635 praeparatis·
660 2559 925 2635 supponamus,
948 2537 1175 2630 superficiem
1204 2535 1244 2610 U
1261 2542 1337 2635 pati
1358 2542 1592 2612 mutationem
1614 2561 1712 2631 qua-

125 2661 354 2758 lcmcunquo
381 2665 522 2736 infinite
554 2688 717 2760 paruam.
779 2666 818 2735 Si
850 2665 1051 2756 sufficeret,
1092 2665 1180 2764 tales
1211 2665 1462 2736 tantummodo
1495 2664 1712 2734 mutationes

127 2789 385 2879 considerare,
418 2813 488 2884 pro
517 2791 647 2884 quibus
674 2789 779 2862 limes
800 2793 837 2866 P
865 2807 1009 2886 semper
1031 2792 1252 2881 inuariatus,
1289 2792 1347 2866 vel
1369 2791 1494 2862 saltem
1518 2783 1558 2861 in
1583 2791 1731 2860 eadem.

127 2909 327 3008 superficie
357 2917 517 2988 verticuli
539 2929 722 3009 manerat,
755 2917 946 2988 manifesto
968 2917 1036 2987 soli
1069 2919 1299 3014 coordinatus
1324 2917 1451 2988 tertiae
1480 2941 1502 2986 z
1534 2917 1712 2989 variatio·-

125 3060 219 3108 nem
238 3041 411 3110 iuducere
435 3053 636 3135 oporteret,
674 3067 746 3137 quo
775 3054 882 3138 pacto
907 3043 1096 3136 problema
1125 3044 1233 3138 longa
1253 3043 1394 3114 lacibus
1418 3038 1591 3112 euaderet
1598 3067 1609 3133 3
1647 3043 1710 3112 sed

127 3184 246 3257 quum
266 3167 455 3260 problema
478 3168 638 3238 maxima
658 3172 891 3262 generalitate
912 3170 1017 3240 nobis
1040 3169 1286 3244 ventilandum
1309 3167 1376 3252 sit,
1407 3169 1445 3240 in
1465 3168 1529 3238 tali
1553 3169 1706 3237 inuesti—

125 3291 285 3381 gatiobis
316 3293 429 3362 modo
452 3295 695 3370 ‚consideratio
725 3294 970 3370 variabilitatis
1005 3295 1161 3366 limitum
1192 3297 1230 3362 in
1261 3293 1429 3388 ambages
1459 3293 1706 3364 incommodas

127 3391 483 3513 concinnitatemque
514 3421 699 3492 turbantes
723 3422 958 3516 perduceret3
997 3411 1231 3519 quamobrem
1263 3419 1459 3513 praestabit
1466 3463 1489 3508 ‚-
1515 3419 1635 3488 statim
1659 3419 1712 3496 ab(

126 3539 234 3612 initio
263 3567 390 3613 omnes
414 3554 488 3615 tres
515 3549 741 3618 coordinatus
769 3549 961 3622 variationi
984 3533 1166 3619 subiicere.
1232 3542 1329 3614 Rem
1349 3521 1476 3640 itaque
1496 3546 1549 3615 sic
1573 3543 1706 3638 imagi-

126 3665 318 3757 nabimur,
332 3667 379 3742 'vt
397 3672 512 3742 cuiuis
531 3685 667 3767 puncto
685 3673 910 3770 superficiei,
943 3676 1043 3746 cuius
1068 3670 1305 3740 coordinatus·
1322 3681 1407 3742 suut
1431 3697 1477 3762 x,
1494 3699 1547 3770 y,
1568 3697 1590 3744 τ
1614 3671 1706 3744 tub·
1815 3677 1820 3686 “

126 3793 318 3866 stituamus
341 3796 457 3886 aliud,
481 3801 582 3869 cuius
603 3804 833 3872 coordinatae
856 3801 928 3870 sint
956 3802 1043 3888 x·}·
1074 3785 1144 3878 dx,
1172 3820 1206 3892 y
1231 3802 1275 3888 †
1301 3784 1376 3894 dy,
1412 3807 1502 3889 z†
1531 3789 1605 3890 da,
1643 3800 1704 3872 vbi

128 3903 201 4006 clx,
230 3907 303 4016 ely,
317 3903 383 4000 'da
417 3926 571 4018 spectari
595 3937 745 4020 possunt
774 3937 957 4016 tamquam
991 3921 1193 3994 functiones
1220 3923 1705 4020 indeterminataeipsarum

127 4067 174 4134 a,
196 4071 252 4140 y,
289 4051 353 4119 sed
375 4073 528 4146 quarum
558 4052 701 4124 valores
730 4043 877 4122 manent
902 4049 1043 4120 infinite
1074 4071 1220 4144 paruae.
1279 4052 1507 4148 Inquiramus
1534 4075 1634 4122 mmo
1662 4053 1702 4120 in

128 4171 343 4246 variationes
377 4179 602 4272 singulorum
635 4179 893 4250 elementorum
926 4161 1165 4272 expressionis
1199 4179 1273 4263 W,
1306 4192 1345 4252 et
1378 4181 1525 4277 quidem
1558 4179 1704 4253 initium

126 4294 302 4370 faciamus
326 4325 349 4372 a
372 4307 569 4378 variatione
588 4307 699 4400 ipsius
722 4305 889 4374 elementi
914 4301 997 4374 dU.

240 4426 494 4522 concipiamus
523 4433 742 4503 elementum
755 4413 761 4430 ’
776 4429 980 4526 superficiei
1018 4405 1296 4528 Utriangulare
1329 4433 1407 4508 dU
1433 4435 1701 4530 interpuncta,

125 4571 283 4648 qnorum
307 4555 538 4629 coordinatus
562 4559 633 4632 sint
