4764 5334
606 1624 751 1783 Vires
772 1699 1016 1768 ascensionem
1041 1698 1097 1769 vel
1122 1699 1388 1792 depressionem
1412 1703 1605 1772 fluidorum
1620 1706 1667 1774 in
1700 1705 1795 1775 tubis
1819 1683 2045 1802 capillaribus

492 1816 730 1905 gubernantes
750 1824 889 1916 primus
912 1833 1015 1893 acute
1041 1834 1077 1894 et
1092 1833 1258 1905 accurata
1281 1830 1504 1897 enumerauit
1521 1851 1628 1922 sagax
1649 1829 1828 1920 Clairaut,
1854 1835 1917 1902 sed
1933 1858 2045 1927 quum

491 1937 608 2031 legem
640 1948 769 2016 virium
805 1951 952 2019 omnino
983 1951 1154 2019 intactam
1187 1950 1357 2043 liquerit,
1394 1953 1482 2022 nihil
1518 1956 1656 2025 fructus
1695 1958 1741 2025 ad
1773 1959 2045 2050 explicationem

490 2067 778 2141 mathematicam
811 2074 1143 2164 phaenomenorum
1176 2097 1223 2144 ex
1255 2075 1317 2144 illa
1354 2082 1625 2152 enumeratione
1654 2083 1753 2148 nasci
1784 2085 1911 2172 potuit.
1972 2081 2045 2152 At·
2101 2136 2116 2162 ,

488 2195 616 2261 tractio
648 2197 800 2290 vulgaris
834 2203 1009 2293 quadrato
1040 2200 1227 2283 distantiae
1259 2204 1443 2294 reciproce
1472 2204 1765 2299 proportionalis,
1805 2226 1896 2297 quae
1920 2228 2044 2277 omnes

490 2331 607 2388 motus
633 2323 800 2394 coelestes
824 2336 898 2395 tam
921 2326 1018 2396 felici
1044 2348 1210 2396 successu
1235 2298 1388 2420 explicat
1394 2378 1407 2411 ,
1440 2299 1572 2417 nullius
1591 2352 1676 2402 vsus
1698 2342 1751 2399 est
1775 2351 1841 2397 nec
1865 2331 1904 2398 in
1928 2326 2047 2420 phae-
2103 2308 2106 2317 ’

486 2448 649 2518 nomenis
682 2450 925 2543 capillaribus,
959 2447 1095 2521 necin
1125 2450 1381 2547 Phaenomenis
1412 2448 1634 2516 adhaesionis
1667 2460 1703 2516 et
1727 2447 1948 2518 cohaesionis
1976 2471 2046 2522 ex-

486 2544 679 2664 plicandis3
711 2576 865 2646 calculus
888 2578 986 2647 enim
1009 2586 1107 2646 recte
1129 2577 1312 2646 institutus
1335 2572 1437 2642 facile
1462 2574 1585 2659 docet,
1614 2572 1661 2639 ad
1680 2592 1846 2642 normam
1870 2573 1965 2646 illius
1988 2576 2045 2649 le-

486 2695 538 2786 gis
570 2700 817 2770 attractionem
845 2703 998 2784 cuiusuis
1034 2703 1213 2796 corporis,
1253 2722 1406 2794 quocum
1447 2697 1699 2791 experimenta·
1726 2699 1912 2770 instituere
1951 2685 2046 2791 licet,

484 2819 507 2885 i.
523 2844 552 2886 e.
579 2824 677 2921 c'uius
702 2826 813 2896 moles
838 2837 1003 2920 respectu
1020 2828 1129 2897 totius
1151 2839 1270 2896 terrae
1294 2849 1361 2920 pro
1386 2825 1498 2893 nihilo
1520 2823 1645 2892 haberi
1661 2834 1794 2914 potest,
1817 2826 1856 2894 in
1871 2837 2045 2919 punctum

485 2945 686 3042 Vbicunque
715 2952 773 3024 vel
796 2955 885 3022 adeo
915 2953 954 3021 in
975 2962 1141 3038 contactu
1161 2924 1336 3044 positum,
1374 2973 1585 3019 euanescere
1610 2960 1774 3041 respectu
1796 2952 1979 3041 grauitatis
1996 2950 2045 3043 *).

486 3070 598 3142 Recte
631 3076 715 3146 hinc
740 3079 996 3170 concluditur,⁸
1013 3077 1111 3147 illam
1146 3078 1366 3148 attractionis
1396 3075 1512 3166 legem
1533 3076 1571 3142 in
1601 3076 1774 3143 distantiis
1797 3076 1954 3145 minimis
1975 3097 2045 3145 na-

485 3211 588 3269 turae
628 3203 725 3273 haud
765 3204 918 3298 amplius
955 3195 1231 3272 consentaneam
1273 3225 1388 3306 esse,
1419 3200 1483 3269 sed
1520 3200 1824 3270 modificationem
1864 3180 2045 3292 quandam

485 3328 686 3417 postulare,
719 3331 794 3400 siue
821 3332 918 3424 quod
947 3329 1086 3399 eodem.
1100 3329 1214 3416 redit,
1252 3349 1446 3418 corporum
1470 3327 1661 3418 particulas
1682 3336 1826 3419 praeter
1849 3324 1948 3395 illam
1971 3327 2046 3399 vim

486 3455 711 3526 attractiuam
731 3479 900 3526 exercere
925 3456 1030 3525 aliam
1054 3455 1094 3523 in
1119 3438 1293 3522 distantiis
1314 3452 1470 3520 minimis
1490 3463 1629 3522 tantum
1647 3454 1884 3547 conspicuam.
1922 3451 2046 3520 Phae-
2139 3520 2143 3529 ,

485 3601 641 3649 nomena
671 3583 794 3650 omnia
824 3583 1030 3677 conspirant
1060 3579 1108 3649 ad
1138 3580 1379 3672 arguendum,
1417 3579 1552 3647 hancce
1585 3579 1734 3647 alteram
1759 3581 1810 3650 vis
1836 3579 2046 3647 attractiuae
2091 3570 2095 3577 ’

483 3715 624 3792 partem
656 3707 932 3794 (attractionem
954 3706 1247 3801 meleeularem),
1287 3707 1340 3793 in.
1359 3706 1534 3775 distantiis
1563 3705 1619 3776 vel
1632 3700 1800 3774 ..minimis
1820 3726 1913 3797 ,quas
1939 3724 2044 3772 men-

543 3948 573 4031 *)
595 3947 746 4029 Constat,
777 3951 951 4014 maximam
977 3950 1216 4030 attractionem,
1245 3973 1340 4038 quam
1369 3972 1473 4015 massa
1502 3954 1702 4032 lro'mogenea
1728 3947 1799 4011 data
1829 3947 1866 4009 in
1893 3956 2045 4030 punctum

593 4056 701 4122 datum
728 4059 902 4125 secundnm
928 4061 1022 4124 illam
1048 4063 1153 4142 legem
1184 4081 1332 4123 exercere
1359 4073 1484 4145 potest,
1514 4082 1585 4136 essa
1613 4059 1651 4122 ad
1681 4058 1918 4132 attractionem,
1950 4075 2045 4141 quam

593 4167 704 4232 eadem
731 4193 837 4235 anessa
864 4172 900 4236 iu
927 4157 1061 4254 figuram
1088 4170 1288 4258 sphaericam
1315 4169 1439 4233 redacta
1467 4183 1593 4256 exercet
1620 4171 1656 4232 in
1685 4178 1836 4254 punctum
1864 4167 1900 4229 in
1930 4185 2045 4250 supar—
2110 4215 2112 4219 ,

593 4332 665 4395 ficia
694 4336 854 4419 positum,
889 4350 926 4404 rt
951 4348 974 4412 3
1001 4337 1041 4402 ad
1062 4286 1181 4410 &252
1211 4336 1374 4422 posterior
1395 4357 1475 4400 raro
1506 4335 1650 4399 attractio
1680 4355 1752 4398 oum
1772 4333 1928 4415 grauitate
1949 4326 2044 4394 facile
2133 4335 2142 4343 ”

594 4457 802 4528 comparatur.

1540 4571 1560 4636 1
