4302 5496
830 1259 991 1330 .1.

256 1481 263 1490 .
305 1359 401 1510 Ad
425 1421 672 1493 stabiliendam
696 1423 946 1530 aequationem
973 1420 1175 1514 aequihbrii
1201 1419 1402 1510 systematis
1423 1424 1641 1508 punctorum
1662 1410 1761 1504 phy·
1794 1410 1798 1422 “

190 1546 347 1615 cicorum
372 1557 619 1643 quotcunque,
651 1569 807 1642 qnorum
831 1555 952 1618 motus
977 1545 1241 1616 conditionibus
1268 1543 1574 1638 qualibuscunque
1600 1538 1760 1609 adstrin-

188 1681 342 1762 guntur,
378 1675 534 1744 maxime
566 1675 737 1745 idoneum
771 1682 826 1742 est
854 1658 1074 1768 principium
1108 1681 1274 1742 motuum
1311 1668 1548 1754 virtualium,
1577 1665 1674 1757 quod
1707 1663 1758 1732 sic

189 1797 430 1867 enunciamus.
1295 1792 1299 1797 “
1647 1801 1649 1808 “

299 1976 449 2047 Constet
472 1987 629 2070 systema
661 2000 683 2048 e
706 1980 849 2072 punctis
872 1979 1029 2075 physicis
1054 1999 1109 2064 m,
1134 1969 1192 2064 m',
1217 1969 1272 2064 m''
1297 1988 1385 2063 etc.,
1427 1977 1466 2044 in
1495 1971 1624 2066 quibus
1653 1991 1755 2040 mas-

178 2087 245 2174 ¹sae
269 2123 336 2193 per
366 2101 510 2170 easdem
537 2101 657 2172 literas
689 2103 914 2174 denotandae
939 2113 1191 2173 concentratae
1216 2103 1474 2195 concipiantur.
1535 2099 1589 2166 Sit
1621 2097 1656 2165 P
1683 2115 1754 2164 vnn

186 2226 366 2316 eriribus
390 2205 706 2297 accelcrstricibus
722 2231 761 2297 in
790 2241 965 2322 punctum
986 2251 1023 2298 m
1043 2225 1250 2321 agentibus,
1285 2238 1321 2296 et
1347 2227 1434 2296 dum
1460 2221 1642 2321 systemati
1667 2243 1754 2302 mo·
1812 2279 1814 2284 ,

184 2361 242 2422 tus
274 2351 528 2445 qualiscunque
567 2351 705 2422 infinite
745 2375 880 2446 paruus
920 2376 1002 2436 cum
1042 2354 1306 2459 conditionibus
1333 2351 1542 2445 ⁴systematis
1577 2343 1752 2428 sociabilis

184 2479 317 2566 (motus
342 2475 515 2571 virtualis)
537 2477 648 2548 tribui
667 2477 833 2572 fingitur,
870 2481 917 2550 sit
937 2479 995 2574 dp
1015 2490 1134 2550 motus
1154 2481 1279 2572 puncti
1305 2503 1342 2547 m
1370 2479 1410 2546 in
1434 2476 1668 2544 directionem
1698 2472 1749 2538 vis

168 2585 220 2670 ¹P
245 2604 443 2694 proiectus,
478 2605 501 2672 i.
522 2627 557 2690 e.
577 2623 656 2695 ¹per
684 2603 845 2674 cosinum
878 2603 998 2698 anguli
1029 2626 1136 2697 quem
1167 2603 1253 2672 facit
1283 2627 1368 2674 cum
1401 2601 1598 2672 directione
1630 2598 1681 2668 vis
1714 2595 1748 2662 P

63 2779 68 2786 -
183 2725 452 2820 multiplicatus,
487 2727 642 2821 denique
663 2728 710 2798 sit
733 2725 881 2824 2Pdp
906 2739 1136 2824 aggregatum
1159 2723 1321 2826 omnium
1355 2725 1524 2798 similium
1548 2723 1748 2826 producto-

181 2871 264 2922 rum
289 2863 454 2948 respectu
478 2853 641 2924 omnium
673 2852 804 2924 virium
827 2867 1003 2950 punctum
1027 2877 1065 2924 m
1084 2854 1360 2926 sollicitantium.
1414 2849 1570 2920 Perinde
1595 2867 1748 2940 reprae-

182 2987 298 3048 sentet
321 2973 365 3048 P'
384 2973 570 3064 indefinite
594 2979 687 3051 vires
700 2991 884 3073 ¹punctum
908 2973 955 3070 ιη’
976 2979 1224 3069 sollicitantes,
1256 2990 1364 3074 atque
1386 2969 1454 3072 dp'
1479 2985 1598 3062 motus
1622 2969 1748 3066 puncti

120 3187 121 3190 Ἴ
182 3097 228 3172 m'
262 3103 309 3174 ad
339 3105 561 3198 singularum
594 3105 807 3182 directiones
840 3105 1037 3200 proiectos,
1075 3105 1308 3198 similiterque
1341 3105 1386 3174 de
1417 3101 1562 3194 reliquis
1596 3096 1744 3192 punctis.

181 3230 323 3320 Quibus
354 3230 405 3300 ita
435 3227 643 3319 intellectis,
681 3229 839 3322 conditio
872 3231 1081 3326 aequilibrii'
1106 3231 1306 3326 systematis
1342 3227 1503 3298 consistit
1534 3227 1574 3294 in
1604 3245 1667 3308 eo,
1705 3229 1744 3290 vt

180 3349 417 3451 aggregatum.
1021 3443 1024 3450 ι

338 3481 531 3578 mZPdp
555 3487 598 3572 -Ι-
628 3471 842 3576 ηι’ΣΡ’ᾶρ’
867 3487 910 3572 -Ι-
935 3473 1182 3580 ω”ΣΡ’ἀΡ”
1210 3491 1253 3576 -ξ-
1281 3493 1347 3554 etc.

177 3631 246 3702 pro
267 3629 478 3701 quocunque
502 3617 606 3678 motu
628 3606 866 3708 virtualifiat
889 3634 929 3682 =
954 3622 999 3700 0,
1036 3612 1089 3686 vti
1107 3611 1321 3704 principium
1347 3579 1512 3680 motuum
1537 3599 1739 3678 virtualiuut

177 3727 284 3827 vulgo
313 3731 542 3826 exprimitur,
577 3733 634 3806 rel
663 3735 881 3823 accuratius,
918 3737 956 3806 in
989 3759 1051 3826 eo,
1093 3727 1133 3808 vt
1159 3735 1248 3842 illud
1282 3745 1510 3832 aggregatum
1542 3753 1611 3825 pro
1640 3723 1739 3798 nullo
1849 3803 1853 3812 .

176 3867 278 3930 motu
300 3857 445 3934 virtuali
468 3859 614 3952 adipisci
634 3859 748 3952 possit
772 3858 930 3930 valorem
955 3863 1159 3956 positiuutn.
1193 3839 1198 3846 ³
1264 3853 1268 3860 ¹

809 4099 970 4176 ,2

284 4242 391 4318 Vires
407 4195 474 4320 bic
496 4247 777 4322 considerandae
798 4247 845 4328 ad
869 4248 940 4320 tria
962 4193 1080 4346 capita
1101 4253 1332 4324 reducuntur.

215 4459 221 4472 Ι
282 4371 310 4444 Ι.
344 4373 531 4465 Grauitas,
556 4379 656 4448 cuius
679 4377 922 4450 intenaitatem
943 4403 1011 4474 pro
1036 4379 1183 4474 singulis
1204 4379 1346 4472 punctis
1371 4377 1540 4464 eandem,
1564 4367 1740 4442 directio-

168 4517 232 4570 Μ’
257 4497 442 4594 Wfflsslss
456 4523 670 4600 ,supponere
688 4504 794 4620 ⁴licet:
825 4506 926 4580 illam
952 4507 1202 4610 denotabimus
1222 4525 1289 4599 per
1306 4529 1343 4600 y.
