4302 5496
761 415 1235 518 --4ι-,

176 611 448 711 proportionale
473 612 520 685 sit
544 611 724 684 elemento
748 610 959 687 variationis
979 611 1052 704 ds,
1076 616 1166 710 puta
1187 609 1377 712 quantitati
1391 613 1417 688 d
1431 612 1481 688 U
1473 605 1563 699 ,δι
1573 601 1730 722 oos(4,5
1708 622 1758 725 5),
1840 703 1842 706 ¹

178 746 255 830 siue
280 743 378 839 quod
399 745 497 814 idem
523 754 598 834 est,
632 751 672 817 rt
696 741 761 812 fiat

344 966 366 1011 z
382 946 434 1032 -Ι-
463 879 1048 1102 αα(ῗΐ’1·ὲ·)εῦοιιιῑ

178 1121 373 1194 Manifesto
404 1127 517 1214 enirn,
555 1128 586 1197 si
611 1126 701 1196 haee
728 1085 1047 1222 proportionalitas
1070 1120 1193 1192 locum
1218 1141 1294 1194 non
1321 1120 1491 1218 haberat,
1521 1129 1625 1202 valor
1648 1119 1761 1230 ipsios
1883 1127 1887 1138 '

180 1246 240 1321 W
257 1241 615 1347 decrementi'capax
642 1254 740 1326 foret
762 1276 830 1348 per
855 1251 1023 1322 idoneam
1053 1251 1293 1322 mutationem
1320 1247 1460 1344 figurae
1485 1257 1684 1350 superficiei
1716 1264 1761 1354 U,
1842 1257 1846 1264 ’

176 1375 292 1446 limite
317 1379 354 1449 P
378 1381 470 1451 adeo
500 1381 679 1452 iuuariato
701 1391 881 1453 manente.
942 1379 1114 1449 Ceterum
1147 1379 1317 1486 aequatio
1339 1377 1402 1448 illa
1429 1403 1498 1473 pro
1525 1395 1604 1456 toto
1629 1410 1760 1482 super-

176 1501 259 1573 ficie
296 1505 337 1576 U
364 1507 478 1596 valet,
523 1509 663 1578 etiamsi
686 1508 777 1578 haec
808 1531 828 1577 e
860 1499 1025 1601 pluribus
1056 1505 1219 1601 partibus
1253 1505 1426 1600 separatis
1452 1521 1609 1604 constet,
1650 1515 1761 1588 ‹lum-

178 1629 293 1701 modo
318 1633 471 1704 fluidum
496 1636 619 1724 ipsum
647 1634 849 1704 cohaereat.
1588 1649 1593 1662 ⁴
1799 1629 1801 1632 ’

292 1796 469 1896 Aequatio
502 1801 573 1871 ista
603 1795 1005 1879 constituittheorema
1041 1801 1313 1876 fundamentale
1346 1781 1507 1900 priorum
1530 1789 1583 1878 in
1618 1809 1760 1884 theoria

179 1925 380 2020 aequilibrii
400 1927 616 2024 fluidorum,
641 1931 740 2024 quod
762 1933 836 2003 iam
857 1931 903 2002 ab
924 1931 973 2004 ill.
991 1930 1149 2028 Laplace
1170 1942 1315 2004 erutum
1339 1943 1413 2025 est,
1434 1935 1498 2006 sed
1521 1957 1589 2030 per
1613 1937 1762 2010 metho-

180 2043 269 2124 duni
294 2079 316 2125 a
340 2066 463 2126 nostra
482 2055 590 2150 plano
615 2055 804 2129 diuersam.

294 2234 332 2304 Si
356 2235 538 2328 planum‚-
562 2258 631 2330 pro
660 2258 732 2332 quo
765 2261 788 2310 z
820 2223 1013 2334 quantitati
1044 2239 1267 2335 aequationio
1300 2241 1479 2310 constanti
1508 2205 1665 2332 aequalis
1693 2253 1762 2326 ost,

179 2368 218 2428 et
243 2363 340 2455 quod
369 2360 519 2454 planum
550 2355 793 2430 horizontale‘
806 2369 971 2464 normale
996 2367 1099 2460 (plan
1135 2368 1181 2434 do
1215 2361 1369 2443 airaon>
1395 2377 1525 2424 vocare
1557 2381 1760 2456 possumus,
1820 2387 1827 2394 ⁴

178 2487 261 2556 loco
284 2489 378 2578 eius,
403 2511 426 2558 a
448 2513 523 2584 quo
550 2486 781 2562 coordinatae
803 2507 825 2556 a
850 2492 1062 2580 numeratae
1082 2489 1205 2566 erant,
1229 2479 1465 2576 adoptamus,
1490 2483 1559 2554 erit
1596 2561 1600 2569 ,

347 2646 509 2754 ²³³*
478 2624 894 2842 sis(i÷i·)

145 2931 149 2938 ,
179 2867 274 2938 vnde
292 2815 457 2958 protinus
479 2870 674 2940 demanant
698 2863 889 2935 corollaria
908 2862 1105 2958 sequeutia.

295 2989 322 3063 l.
358 2991 395 3055 Si
419 2996 569 3081 planum
600 2981 763 3082 normale
787 2989 1014 3084 superficiem
1041 2988 1195 3057 liberam
1233 2985 1271 3054 U
1288 2982 1388 3056 vllibi
1410 2995 1525 3073 secat,
1561 2987 1601 3057 in
1631 2991 1760 3082 quouis
1828 3011 1834 3022 ·

180 3115 347 3185 sectionis
376 3127 511 3210 puncto
548 3117 756 3212 superficies
787 3117 990 3188 necessario
1030 3135 1224 3186 coucauo-
1200 3133 1398 3182 -conuera
1429 3113 1518 3203 erit,
1556 3123 1670 3208 atque
1695 3138 1760 3186 ra-

180 3243 261 3311 dius
286 3229 466 3313 maximus
490 3245 723 3312 connexitatis
748 3239 852 3310 radio
876 3239 1036 3319 maximo
1061 3223 1297 3310 concauitatis
1323 3238 1493 3332 aequalis.
1573 3241 1574 3244 ’
1619 3323 1622 3330 Ι

177 3435 180 3444 ,
294 3369 339 3444 Il.
371 3369 489 3463 Supra
514 3369 665 3463 planum
690 3367 855 3438 normale
878 3367 1085 3462 superficies
1109 3367 1166 3440 vel
1191 3387 1387 3436 concauo-
1394 3387 1555 3438 concaua
1578 3367 1667 3460 erit,
1691 3369 1760 3462 vel,

180 3495 294 3566 sicubi
314 3475 428 3566 ¹fuerit
449 3483 829 3584 concauossconuexa,
849 3505 1046 3565 curuatura
1066 3515 1236 3592 concaua
1252 3515 1454 3562 connexam
1476 3495 1668 3618 superabit

295 3623 356 3693 Ill.
388 3623 489 3694 Infra
505 3623 655 3726 planum
686 3621 852 3692 normale
873 3620 1080 3718 superficies
1112 3617 1171 3693 rel
1196 3619 1265 3688 erit
1286 3641 1485 3692 connexo·-
1494 3643 1677 3714 connexa,
1703 3623 1765 3697 vel
1890 3661 1893 3668 v
1978 3595 1985 3602 “

183 3750 297 3820 Ucubi
323 3751 432 3822 suerit
456 3761 645 3820 concauo-
653 3772 836 3838 connexa,
871 3758 1067 3819 curuatura
1087 3769 1252 3818 conuexa
1274 3751 1472 3818 concauam
1495 3751 1689 3842 superabit.

175 3886 180 3902 ⁴
296 3875 611 3972 1V.s11perficies
642 3876 760 3947 libera
799 3877 838 3976 U
856 3877 981 3970 nequit
1010 3871 1150 3944 habere
1180 3885 1321 3968 partem
1346 3874 1484 3946 finitam
1518 3875 1725 3972 planam
1688 3881 1760 3951 nisi

101 4063 112 4074 .
154 4071 156 4074 ,
186 4001 446 4079 horizontalem
470 4013 614 4075 etcum
638 3997 749 4112 plano
773 4003 928 4074 normali
950 4002 1222 4073 coincidentern.

826 4263 832 4274 ⁸
939 4272 1010 4353 29·

297 4419 521 4520 Aequatione·
568 4451 676 4524 quam
721 4428 831 4498 modo
871 4404 1109 4498 stabiliuimus
1154 4423 1388 4517 subsistente,
1435 4425 1587 4504 variatio
1628 4424 1760 4501 valoris

184 4549 318 4643 ipsius
331 4553 391 4622 W
417 4555 602 4628 reducitur
632 4550 681 4626 ad

1236 4631 1353 4761 62tv

1114 4779 1170 4868 [ι
