4764 5334
1296 335 1582 413 ..4-

548 519 554 526 ’
661 513 736 596 non
761 522 893 592 sufficit
919 526 964 593 ad
988 524 1140 615 figuram
1164 520 1367 613 superficiei
1394 546 1439 592 ccc
1464 548 1547 595 osse
1572 512 1896 610 determinandam,
1933 521 2028 612 quod
2050 520 2129 589 fieri
2149 543 2225 589 ne-

662 651 757 742 quit,
800 647 869 716 nisi
902 647 1057 717 conditio
1092 671 1193 718 noua
1225 648 1372 715 accedat
1402 649 1561 719 indolem
1594 647 1729 741 figurae
1760 649 1798 715 in
1826 644 2005 715 limitibus
2037 645 2225 713 definiens.

661 767 790 841 'Palem
815 772 1055 858 conditionem
1079 774 1167 840 sistit
1190 795 1273 865 pars
1295 773 1406 840 altera
1430 775 1590 856 theoriae
1598 823 1609 862 ,
1635 793 1713 842 eam
1729 772 1879 851 scilicet,
1904 782 1941 841 vt
1959 769 2109 861 angulus
2124 770 2226 860 plani

657 886 880 990 superficiem
904 896 1006 965 fluidi
1030 876 1181 966 liberam
1209 897 1248 965 in
1274 880 1434 968 confiniis
1464 901 1556 971 vasis
1580 898 1754 991 tangentis
1782 897 1872 988 (siue
1897 895 2072 979 exactius,
2111 875 2148 960 in
2178 894 2228 958 li·

657 1023 744 1091 mite
768 1021 820 1091 vis
846 1021 1022 1089 sensibilis
1038 1022 1256 1091 attractiuae
1278 1022 1422 1112 parietis
1446 1024 1557 1114 rasis)
1581 1046 1664 1092 cum
1686 1022 1795 1115 plano
1817 1024 1992 1116 parietem
2023 1020 2115 1089 vasis
2147 1019 2225 1086 ibi—

655 1146 738 1215 dem
768 1155 936 1236 tangente
967 1160 1140 1217 constans
1177 1147 1241 1234 sit,
1282 1156 1371 1238 puta
1396 1170 1464 1239 per
1497 1147 1707 1218 relationem
1729 1149 1824 1217 inter
1844 1146 2064 1217 intensitates
2088 1147 2224 1216 virium

655 1269 927 1342 molecularium
951 1275 1045 1344 vasis
1070 1283 1107 1346 et
1128 1271 1229 1340 fluidi
1247 1270 1522 1358 determinatus,
1558 1273 1732 1365 siqrsidem
1757 1273 1971 1342 continuitas
1991 1270 2126 1361 figurae
2150 1294 2223 1339 va-

591 1435 595 1442 ·
656 1398 703 1465 sis
734 1397 830 1487 apud
858 1393 1013 1464 confinia
1036 1396 1235 1490 superficiei
1266 1394 1400 1464 liberae
1425 1391 1528 1464 fluidi
1561 1417 1635 1464 non
1664 1395 1947 1488 interrumpitur.
2011 1392 2058 1464 At
2083 1396 2222 1463 hancce

654 1522 937 1615 propositionem
973 1499 1191 1589 cardinalem
1224 1519 1332 1604 totius
1363 1519 1522 1590 theoriae
1556 1542 1624 1612 per
1667 1519 1842 1589 calculum
1884 1521 2130 1589 demonstrare
2172 1542 2223 1586 ne

653 1649 808 1740 suscepit
835 1646 979 1740 quidem
1004 1646 1053 1714 ill.
1083 1644 1256 1738 Laplace3
1294 1667 1384 1736 quae
1414 1647 1510 1713 euim
1546 1646 1582 1714 in
1612 1646 1858 1715 dissertatione
1889 1646 2000 1736 priori
2037 1654 2115 1735 p.5
2146 1644 2221 1711 huc

655 1773 851 1865 spectantia
889 1770 1106 1849 afferuntur,
1151 1769 1496 1860 argumentationem
1531 1791 1657 1861 vagam
1696 1769 1945 1838 tantummodo
1980 1768 2149 1836 exhibent
2184 1781 2222 1835 et

655 1898 752 1990 quod
777 1895 1092 1965 demonstrandum
1119 1904 1197 1962 erat
1217 1894 1289 1961 iam
1314 1871 1538 1985 supponunt:
1575 1893 1701 1985 calculi
1724 1903 1843 1962 autem
1868 1905 1965 1986 p.44
1982 1917 2031 1985 sq.
2057 1896 2217 1984 suscepti

631 2004 784 2110 edecta
806 1997 937 2089 carent.
991 2020 1036 2100 Iu
1067 2019 1180 2090 altera
1202 2018 1347 2111 quidem
1370 2019 1614 2094 dissertatione
1644 2017 1808 2088 ascensus
1840 2017 1941 2087 fluidi
1973 2017 2126 2086 intubis
2152 2041 2221 2086 ca-

566 2205 568 2209 .
652 2146 840 2237 pillaribus
855 2169 922 2234 per
940 2146 1151 2215 methodum
1177 2144 1283 2212 aliam
1307 2153 1499 2237 tractatur,
1526 2142 1626 2211 cuius
1640 2165 1781 2212 summa
1805 2165 1888 2211 cum
1912 2143 2082 2212 methodo
2101 2146 2219 2234 priori

653 2255 782 2338 collata
813 2268 1007 2337 formulam
1042 2268 1180 2360 (veram
1211 2269 1345 2360 vtique)
1378 2269 1582 2361 suppeditat
1612 2290 1680 2361 pro
1714 2268 1845 2361 angulo
1882 2268 1944 2336 illo
1977 2269 2070 2338 inter
2103 2269 2217 2361 plana

652 2397 840 2482 tangentia.
899 2395 970 2464 Sed
995 2403 1122 2463 notare
1149 2402 1313 2486 oportet,
1345 2393 1492 2486 proprie
1516 2389 1574 2459 hic
1593 2391 1665 2459 iam
1688 2394 1847 2485 supponi
1871 2396 1968 2486 quod
1992 2395 2141 2487 angulus
2167 2399 2215 2464 sit

649 2525 833 2602 constans,
868 2526 1127 2609 praetereaque
1147 2497 1377 2603 methodum,
1409 2536 1475 2607 per
1499 2536 1540 2582 se
1562 2537 1693 2608 parum
1718 2518 2011 2606 satisfacientem,
2044 2523 2213 2612 restringi

649 2641 697 2708 ad
720 2662 840 2711 casum
865 2641 1022 2709 maxime
1046 2640 1254 2732 specialem,
1296 2638 1357 2711 vbi
1381 2661 1443 2712 ras
1465 2640 1714 2733 ›prismaticum
1736 2654 1807 2730 est,
1836 2624 2060 2738 parietesque
2094 2651 2210 2716 verti·-
2294 2640 2296 2644 ⁴

531 2774 542 2782 “
649 2765 750 2834 cales.
801 2766 869 2835 His
892 2761 1076 2859 perpensis
1095 2766 1201 2834 fateri
1226 2774 1393 2858 oportet,
1433 2763 1609 2835 theoriam
1644 2767 1691 2837 ab
1727 2769 1775 2839 tlt
1802 2768 1957 2865 Laplace
1984 2775 2210 2865 propositam

517 2905 519 2914 '
645 2894 842 2962 etiamnum
863 2893 1098 2968 essentialiter
1120 2885 1284 2961 mancam
1308 2901 1345 2959 et
1363 2890 1616 2985 incompletam
1642 2889 1728 2964 esse.
1941 2888 1947 2898 ’

754 3070 994 3141 Resumemus
1023 3071 1144 3163 itaque
1177 3070 1222 3138 ab
1252 3071 1391 3162 integro
1421 3068 1595 3139 theoriam
1627 3039 1761 3177 figurae
1788 3072 1986 3166 aequilibrii
2010 3074 2209 3147 fluidorum
2261 3090 2268 3101 '

642 3195 886 3266 subactione
920 3195 1105 3289 grauitatis
1137 3190 1182 3264 et
1212 3196 1348 3266 vinum>
1373 3194 1641 3266 molecularium
1676 3201 1906 3292 propriarum
1944 3212 1981 3267 et
2015 3203 2129 3286 vasis,
2169 3207 2207 3271 in

527 3411 531 3414 Δ
642 3343 714 3412 quo
747 3323 888 3414 negotio
926 3321 1136 3391 methodum
1170 3341 1321 3415 prorsus
1355 3320 1536 3392 diuersam
1569 3346 1590 3391 e
1620 3323 1747 3416 primis
1779 3325 1988 3416 dynamicae
2017 3328 2208 3421 principiis

554 3462 559 3467 '
640 3447 788 3537 petitam
820 3446 1031 3548 sequemur,
1072 3450 1337 3539 maximamque
1365 3449 1634 3538 generalitatem
1663 3450 1782 3517 statim
1815 3450 1860 3518 ab
1882 3451 1982 3519 initio
2005 3455 2207 3545 amplecte-

640 3593 732 3669 mur.
794 3571 897 3640 Haec
928 3572 1124 3665 disquisitio
1157 3571 1330 3665 perducet
1360 3571 1407 3640 ad
1440 3573 1578 3665 insigne
1613 3573 1798 3642 theorema
1830 3597 1986 3663 nouum,
2025 3577 2209 3654 theoriam

610 3696 856 3791 ¹completam
880 3699 919 3767 in
944 3699 1085 3770 micam
1118 3695 1310 3767 formulam
1346 3698 1644 3792 simplicissimam
1673 3701 1908 3791 contrahens,
1949 3726 1969 3771 e
2003 3727 2075 3794 quo
2104 3721 2209 3781 vtra-

632 3820 708 3914 'que
732 3846 817 3916 pars
842 3824 1001 3896 theoriae
1025 3824 1073 3894 ill.
1094 3822 1251 3917 Laplace
1271 3834 1399 3920 sponte
1424 3803 1636 3895 demanabit

1091 4120 1093 4122 ·
1205 4115 1638 4150 *ψ*-
