4764 5334
1429 347 1718 431 ..40-

790 544 890 613 tione
916 535 1154 612 determinata
1182 563 1205 612 a
1230 540 1398 613 distantia
1426 566 1451 613 x
1473 542 1763 637 independente,
1786 552 1876 637 puta
1899 551 1938 613 rt
1962 564 1989 613 n
2011 540 2059 611 ad
2083 538 2143 626 N,
2180 540 2363 613 manifesto

791 681 949 743 statuere
969 690 1159 763 possumus
1184 697 1249 747 aa
1262 693 1270 738 :
1283 668 1340 751 ἐς
1360 693 1399 739 :
1425 692 1499 740 cn:
1515 669 1547 740 C
1553 670 1609 759 N,
1634 672 1656 740 i.
1679 693 1710 739 e.
1736 679 1940 740 constantes
1959 696 2042 759 aa,
2067 664 2126 747 CC
2145 680 2259 738 erum
2280 694 2361 763 pro-

789 794 1010 894 portionales
1042 797 1334 886 attractionibus,
1372 819 1460 892 quas
1494 798 1533 867 in
1568 799 1695 867 eadem
1726 798 1896 868 distantia
1929 806 2103 867 exercent
2129 796 2229 867 duae
2252 797 2360 868 mole·

793 927 894 995 culae
921 924 1041 1018 quoad
1070 922 1240 996 volumen
1271 924 1457 1019 aequales,
1492 925 1607 995 altera
1630 926 1732 995 fluidi
1758 924 1872 995 altera
1892 924 1997 1004 vasis,
2051 922 2136 993 Jam
2161 946 2274 1017 quum
2295 948 2360 994 an·

789 1030 892 1147 gulas
914 1051 955 1125 A
973 1050 1038 1119 fiat
1060 1061 1205 1159 acutus,
1236 1063 1336 1123 recto
1360 1050 1538 1145 aequalis,
1568 1051 1736 1141 obtusus,
1762 1050 1903 1121 duobus
1927 1051 2035 1121 rectis
2058 1050 2241 1145 aequalis,
2261 1063 2358 1144 prout

790 1180 913 1279 CC<
944 1183 1059 1273 lau,
1090 1176 1204 1259 Gi:
1230 1183 1343 1274 ὲαα,
1374 1176 1432 1258 CC
1462 1180 1704 1278 >tested
1735 1194 1774 1275 <2
1809 1205 1892 1268 αα,
1917 1174 2140 1257 cazas:
2188 1178 2228 1247 in
2261 1199 2356 1247 sensa

787 1310 891 1377 istius
924 1307 1178 1401 suppositionis
1206 1307 1372 1400 (quaesi
1400 1306 1557 1397 gratuita
1592 1316 1664 1394 est,
1704 1318 1828 1375 tamen
1860 1302 2166 1377 verisimilitudiui
2198 1324 2273 1372 non
2303 1324 2357 1372 re-

787 1436 942 1529 pugnat)
979 1436 1096 1505 dicere
1128 1442 1290 1527 oportet,
1328 1452 1449 1501 casum
1482 1432 1642 1527 primum
1674 1432 1796 1501 locum
1824 1432 1981 1513 habere,
2023 1430 2167 1525 quoties
2205 1431 2357 1499 attractio

785 1565 945 1657 partium
976 1562 1078 1633 fluidi
1110 1571 1237 1630 mutua
1268 1556 1385 1625 maior
1415 1552 1461 1622 sit
1495 1576 1604 1645 quam
1643 1558 1795 1651 duplum
1833 1556 2056 1628 attractionis
2083 1557 2249 1649 partium
2276 1559 2358 1627 rasis

786 1692 826 1761 in
850 1692 1023 1781 fluidum3
1058 1687 1274 1772 seeundum,
1300 1680 1437 1775 quoties
1460 1679 1562 1772 prior
1585 1686 1749 1753 attractio
1773 1684 1996 1779 sitsduplunl
2020 1672 2248 1775 posterioris,
2291 1694 2356 1751 ter-

788 1818 896 1908 tiu'm,
932 1818 1072 1913 quoties
1098 1814 1201 1907 prior
1230 1810 1347 1879 maior
1378 1806 1524 1901 quidem
1555 1809 1599 1877 sit
1632 1812 1843 1905 posteriori,
1878 1810 1941 1877 sed
1978 1810 2097 1877 minor
2123 1808 2201 1876 eius
2237 1808 2356 1901 duplo;

793 1942 944 2037 denique
964 1951 1165 2039 quartum,
1206 1936 1347 2030 quoties
1381 1932 1509 2002 ambae
1543 1938 1772 2005 attractiones
1804 1934 1877 2003 siut
1910 1932 2087 2029 aequales.
2147 1931 2357 2028 Exemplum

792 2091 895 2139 casus
919 2067 1027 2163 primi
1052 2064 1197 2137 exhibet
1221 2073 1411 2157 argentam
1434 2062 1560 2134 viuum
1584 2062 1625 2132 in
1644 2062 1788 2135 vasibus
1808 2060 1940 2135 vitreis

1544 2314 1614 2391 32.

905 2466 954 2535 At
986 2476 1139 2562 quantus
1168 2476 1222 2535 est
1245 2466 1348 2538 valor
1371 2465 1492 2561 anguli
1517 2463 1559 2537 A
1578 2467 1616 2534 iu
1638 2487 1723 2535 casu
1749 2486 1814 2551 eo,
1851 2460 1913 2536 tbi
1936 2462 2107 2531 attractio
2133 2464 2227 2535 rasis
2256 2464 2358 2532 maior

618 2566 634 2589 ‘
672 2616 685 2631 ¹
794 2604 848 2664 est
875 2611 985 2685 quam
1021 2596 1185 2665 attractio
1207 2597 1366 2690 partium
1395 2594 1498 2663 ssuidi
1533 2588 1686 2663 mutua?
1747 2590 1863 2661 Valor
1886 2588 2141 2683 imaginarius,
2178 2612 2284 2683 quem
2302 2612 2356 2683 pro

1453 2718 1481 2799 ἔ

797 2786 853 2866 ἔξ
878 2799 919 2882 >
943 2809 1006 2860 aas
1030 2781 1188 2859 formula
1211 2792 1268 2863 sin
1290 2744 1362 2887 {sl
1381 2816 1489 2927 :E
1520 2790 1652 2887 angulo
1686 2787 1728 2861 A
1755 2789 1929 2881 assignat,
1965 2784 2041 2853 iam
2073 2794 2247 2875 testatur,
2282 2808 2358 2877 sup·

794 2966 1008 3061 positionem
1033 2964 1189 3060 aliquam
1209 2969 1245 3036 in
1270 2971 1334 3040 tali
1358 2998 1445 3046 casu
1467 3000 1542 3046 non
1568 2971 1823 3044 admissibilem
1848 2967 2005 3039 subesse.
2062 2966 2215 3039 Reuera
2238 2970 2356 3062 quoties

796 3090 853 3171 §G
883 3104 922 3186 >
951 3118 1033 3178 αα,
1072 3090 1271 3187 suppositio
1303 3097 1535 3169 limitationis
1568 3095 1771 3191 superficiei
1812 3098 1847 3167 t*
1874 3118 1959 3165 cum
1986 3094 2199 3165 conditione
2234 3094 2355 3165 minimi

799 3227 963 3312 respectu
992 3216 1186 3286 functionis
1214 3217 1273 3286 W
1291 3227 1485 3296 consistere
1506 3225 1641 3318 nequit.
1691 3220 1909 3316 Vbicunque
1936 3220 2035 3289 enim
2062 3218 2216 3293 limitem
2237 3242 2355 3315 posue-

796 3348 867 3435 ris,
895 3353 1012 3439 patet,
1049 3344 1079 3411 si
1104 3341 1195 3413 vltra
1219 3342 1317 3413 hunc
1337 3342 1485 3424 limitem
1511 3362 1631 3422 cutem
1656 3350 1759 3419 fluidi
1784 3348 2032 3419 tenuissimam
2059 3370 2257 3443 expansam
2280 3370 2353 3416 cou-

796 3474 928 3568 cipias,
970 3471 1021 3539 ita
1060 3480 1099 3541 vt
1140 3468 1175 3538 T
1208 3472 1326 3561 capiat
1364 3472 1594 3567 unguentum
1629 3470 1688 3567 T‘,
1730 3488 1767 3547 at
1801 3472 1909 3573 proin
1949 3474 1989 3557 U
2019 3486 2258 3569 augmentum
2286 3452 2354 3543 buia

797 3602 963 3695 proxime
988 3596 1154 3690 aequale,
1192 3596 1353 3669 valorem
1383 3600 1575 3677 sanctiatis
1603 3606 1663 3678 W
1681 3626 1866 3675 assumere
1889 3600 2134 3673 mutationem
2165 3600 2381 3673 sensibiliter.

795 3726 981 3821 aequalem
1012 3724 1200 3817 quantitati
1236 3727 1425 3831 negatiuae
1456 3765 1509 3781 —
1542 3726 1643 3822 (QCC
1662 3772 1715 3788 -
1743 3728 1859 3826 Qua)
1888 3718 1952 3819 T'3
1993 3728 2178 3823 qulnadeo
2215 3728 2354 3803 valam

793 3855 904 3947 ipsius
927 3852 985 3923 W
1005 3850 1144 3919 tamdiu
1167 3848 1346 3924 ulterioris
1370 3854 1618 3926 diminutionis
1644 3882 1815 3953 capacem
1842 3876 2010 3945 manere,
2048 3856 2167 3927 donee
2191 3846 2242 3927 Τ
2261 3864 2353 3927 toln

793 3977 1019 4081 superficiem
1035 3979 1125 4052 vasis
1139 3978 1317 4074 reliquam
1334 3984 1575 4077 occupauerit
1603 3981 1725 4055 Valor
1735 3983 1943 4057 mutationis
1958 4020 2012 4085 ‘.'
2028 3978 2070 4077 (9
2080 3980 2197 4063 GC-
2208 3978 2354 4079 half

796 4128 840 4175 eo
870 4106 983 4198 magis
1007 4117 1154 4175 exactus
1180 4108 1265 4194 erit,
1306 4132 1379 4203 quo
1407 4112 1528 4181 minor
1551 4112 1727 4181 crassities
1760 4110 1977 4205 accipiatur,
2016 4118 2059 4181 et
2089 4120 2268 4205 quatenus
2289 4120 2354 4179 tn·

696 4274 699 4279 -
794 4233 982 4303 tummodo
1008 4232 1054 4301 de
1077 4234 1199 4307 valore
1221 4238 1460 4331 expressionis
1485 4240 1544 4312 W
1562 4241 1699 4335 agitur,
1723 4212 1829 4307 'nihil
1848 4234 2021 4331 impedit,
2055 4236 2254 4331 quominus
2268 4250 2357 4307 m·

796 4360 893 4429 sities
917 4381 1029 4453 nsque
1051 4357 1098 4431 ad
1120 4366 1408 4436 euanescendum
1434 4366 1585 4437 diminui
1608 4364 1842 4459 concipiatur.
1889 4358 2185 4461 Attamen'ettfis
2207 4350 2358 4439 affl

796 4487 1042 4559 euanescentis
1073 4488 1202 4589 (proba
1233 4492 1504 4591 distinguendae
1527 4493 1573 4565 ab
1600 4486 1814 4589 insensibili)
1836 4486 1929 4579 nibil
1956 4478 2063 4561 'effi‘
2076 4468 2368 4544 'flfflffl
