4764 5334
1372 315 1664 401 ..13-

725 524 984 612 mocessisset,
1027 520 1135 592 telem
1176 516 1452 589 aberrationem.
1477 515 1542 594 vui
1580 517 1845 588 mensurationi
1879 515 2078 609 subiicere,
2120 517 2311 615 suppositio

726 654 822 748 ipse.
837 659 1001 741 eesserct

1435 920 1440 937 .
1490 794 1558 893 11'.

841 970 1056 1067 supponere
1088 969 1227 1058 licebit,
1267 966 1494 1042 functionem
1516 969 1578 1062 fr
1613 967 1666 1061 (et
1701 967 1854 1063 perinde
1886 963 2114 1041 functionem
2146 967 2229 1060 Fr)
2257 978 2313 1037 rt-

605 1194 609 1201 ·
727 1099 943 1170 tractionem
976 1093 1151 1170 denotare
1180 1100 1313 1169 omissa
1345 1122 1390 1169 ee
1420 1109 1544 1191 perte,
1584 1119 1678 1190 quae
1711 1097 1780 1190 ipsi
1814 1118 1866 1166 rr
1891 1097 2077 1190 reciproce
2100 1097 2311 1202 proportio·

727 1226 819 1296 nelis
842 1227 1103 1320 phaenomenis
1128 1227 1380 1297 astronomicis
1405 1224 1627 1320 explicandis
1651 1224 1819 1316 inseruit,
1842 1223 1933 1294 haec
1951 1224 2048 1292 enim
2068 1245 2178 1316 pars,
2204 1243 2313 1320 quae·

729 1376 872 1448 cunque
901 1355 948 1423 sit
976 1353 1094 1450 figure
1123 1354 1226 1424 fluidi
1258 1347 1296 1455 et
1320 1355 1432 1443 vasis,
1470 1355 1508 1423 in
1543 1350 1672 1446 quouis
1705 1359 1842 1444 puncto
1873 1349 2117 1422 insensibilem
2151 1361 2312 1420 tantum-

607 1486 611 1495 ‘
650 1567 655 1578 Ι
730 1481 842 1552 modo
875 1472 1179 1555 modificationem
1211 1483 1382 1578 grauitati
1410 1467 1542 1551 afferre
1565 1476 1669 1551 velet
1733 1476 1925 1549 Crescente
1948 1481 2120 1574 itaquer
2153 1500 2178 1548 a
2197 1477 2312 1550 valore

731 1608 890 1680 sensibili
910 1609 949 1680 in
978 1609 1181 1704 infinitum,
1209 1609 1270 1703 fr
1293 1631 1374 1686 non
1390 1607 1500 1709 modo
1523 1627 1653 1701 perse
1677 1603 1891 1678 insensibilis
1913 1572 1999 1696 erit,
2037 1579 2103 1677 sed
2124 1605 2239 1678 etiam
2265 1605 2311 1674 ci·

730 1807 801 1878 tius
826 1802 1017 1880 'decrescet
1045 1783 1157 1904 quam
1180 1750 1242 1945 ᾗ.
1294 1806 1393 1880 Hinc
1421 1804 1527 1876 facile
1549 1804 1747 1899 colligitur,
1779 1805 1888 1876 etiem
1910 1805 2086 1901 integrale
2096 1790 2312 1901 ffr.drs

597 2067 601 2073 .
645 1994 648 2000 ’
731 2003 854 2075 valore
896 2016 1115 2114 quocpnque
1148 2006 1307 2078 sensibili
1338 2007 1376 2076 in
1408 2003 1590 2116 infinitum
1623 2013 1816 2074 extensum
1845 2003 2050 2104 insensibile
2085 2026 2184 2094 esse,
2227 2026 2313 2100 qna·

728 2137 884 2223 propter
908 2139 1145 2207 ,constantem
1174 2134 1425 2230 integiationis
1448 2133 1485 2228 s
1477 2131 1516 2224 f
1515 2154 1537 2202 r
1550 2132 1624 2203 .dr
1647 2157 1689 2204 ε.-
1710 2166 1763 2185 -
1786 2134 1848 2233 φτ
1879 2134 1931 2204 ite
1961 2143 2149 2227 acceptam
2176 2157 2314 2228 suppo-

726 2273 880 2376 nemus,
903 2263 943 2326 vt
965 2253 1144 2348 habeatur
1170 2265 1256 2365 φα)
1279 2288 1319 2332 :·.
1335 2275 1382 2351 0,
1405 2263 1483 2331 siue
1505 2270 1544 2334 vt
1567 2261 1614 2331 sit
1640 2263 1700 2362 φτ
1719 2243 1803 2353 ipse
1821 2259 1925 2332 valor
1944 2259 2128 2354 integralis
2143 2260 2317 2356 sss.dr

733 2377 778 2445 ab
802 2403 828 2448 x
843 2405 885 2448 .-.·.
901 2405 923 2448 r
956 2397 1067 2474 vsque
1089 2390 1136 2451 ed
1166 2407 1191 2452 s
1206 2407 1248 2453 :
1271 2404 1307 2453 oe
1340 2395 1521 2460 extensus.
1579 2385 1664 2452 Hoc
1686 2395 1793 2479 pecto
1819 2389 1880 2487 φτ
1902 2410 1971 2491 pro
1995 2388 2155 2482 qualibet
2181 2391 2316 2461 distan-

636 2590 640 2595 ,
732 2505 834 2575 tia‘r
860 2506 1008 2578 denotet
1032 2511 1269 2604 quantitatem
1294 2510 1509 2603 positinam,
1547 2510 1612 2581 sed
1633 2512 1878 2584 insensibilem
1901 2516 2074 2609 quamdiu
2095 2539 2119 2588 r
2142 2519 2316 2588 sensibilis

734 2644 788 2702 est
795 2659 806 2726 3
843 2647 969 2719 contra
1000 2661 1069 2732 pro
1099 2639 1224 2712 valore
1252 2636 1452 2707 insensibili
1485 2640 1597 2733 ipsius
1631 2664 1755 2727 rnen
1779 2641 1897 2712 solum
1922 2641 2098 2714 sensibilis
2119 2666 2220 2736 esse,
2249 2620 2316 2716 ⁴sed

734 2761 826 2831 adeo
832 2815 844 2850 ,
881 2765 1051 2834 continuo
1085 2765 1314 2835 decrescente
1350 2752 1519 2835 distantis
1553 2789 1596 2857 r,
1636 2791 1762 2840 omnes
1797 2766 1929 2839 limites
1964 2792 2139 2863 superare
2172 2776 2315 2867 poterit,

643 2948 647 2959 .
731 2889 812 2964 siue
828 2892 1029 2965 secundum
1043 2891 1228 2987 vulgarem
1243 2891 1416 2989 loquendi
1432 2895 1583 2966 modum
1599 2894 1691 2968 nihil
1706 2896 1836 2986 obstat,
1857 2891 2049 2991 quominus
2067 2899 2115 2963 sit
2130 2897 2250 2997 φοε
2267 2923 2315 2974 ω.

1492 3148 1590 3255 1ss

763 3304 766 3308 .
816 3387 818 3392 .
847 3327 937 3398 lnde
965 3328 1061 3423 quod
1085 3327 1225 3399 iunctio
1249 3330 1309 3430 φτ
1333 3332 1555 3424 pro-quouis
1587 3327 1711 3400 valore
1738 3327 1896 3400 sensibili
1919 3329 2031 3423 ipsius
2056 3355 2078 3401 r
2102 3334 2316 3411 insensibilis

737 3463 809 3541 est,
847 3465 884 3523 et
905 3467 1090 3538 crescente
1121 3481 1143 3528 r
1169 3457 1343 3528 continuo
1367 3455 1559 3544 decrescit,
1595 3458 1713 3525 statim
1747 3458 1893 3550 quidem
1924 3459 2106 3551 sequitur,
2141 3464 2315 3560 integrale

726 3580 972 3682 fri-§bmdr
1005 3606 1028 3654 a
1059 3585 1182 3657 velere
1211 3585 1332 3679 aliquo
1363 3582 1521 3654 sensibili
1557 3607 1669 3677 nsque
1703 3584 1750 3653 ad
1785 3585 1893 3654 ulium
1927 3587 2104 3658 maiorem
2125 3592 2313 3664 extensum

605 3758 612 3764 κ
732 3708 930 3780 etiamnum
961 3692 1167 3782 insensibile
1202 3735 1353 3782 manere
1360 3763 1374 3797 ,
1408 3711 1606 3780 dummodo
1638 3713 1816 3805 posterior
1847 3715 1893 3782 sit
1919 3714 2016 3783 intra
2041 3717 2220 3790 ambitum
2249 3746 2312 3791 eo-

626 3839 631 3847 '
729 3856 835 3926 rum,
867 3837 964 3907 circe
988 3863 1079 3933 quos
1104 3843 1354 3935 experimenta
1377 3841 1564 3911 instituere
1593 3839 1693 3910 licet:
1728 3841 1793 3910 sed
1817 3845 2028 3936 neutiquam
2062 3866 2109 3914 ex
2136 3845 2201 3915 illa
2225 3870 2313 3942 pro-

729 3965 882 4052 prietate
907 3966 984 4036 sola
1004 3968 1222 4038 concludere
1247 3971 1302 4038 fus
1323 3980 1434 4057 esset,
1469 3968 1643 4061 integrale
1675 3969 1878 4038 insensibile
1905 3993 2074 4059 monere,
2114 3973 2162 4042 ad
2196 3997 2311 4068 quan·

588 4119 591 4128 ⁴
713 4093 863 4180 *tumuis
887 4116 1059 4188 magnum
1085 4096 1318 4167 interuallum
1343 4098 1534 4190 integratio
1559 4096 1785 4164 extendatur.
1846 4096 1981 4165 Calculi
2005 4098 2054 4167 ill.
2080 4098 2240 4194 Laplnce
2262 4104 2310 4170 ita

727 4210 872 4312 quidem
902 4227 1133 4313 pronunciati
1156 4233 1265 4315 sunt,
1294 4236 1339 4318 rt·
1354 4224 1464 4292 talem
1489 4223 1772 4316 suppositionem
1798 4201 2007 4316 inuoluunt}
2044 4236 2083 4294 ct
2117 4228 2208 4298 dum
2241 4252 2309 4298 ns-

626 4346 634 4441 ,
688 4406 691 4410 ,
726 4329 810 4417 turs
831 4346 1027 4441 functionis
1054 4356 1114 4452 φτ
1138 4354 1322 4446 incognita
1347 4360 1417 4439 est,
1453 4349 1653 4418 consultius
1680 4351 1840 4442 videtur,
1876 4352 1923 4421 ub
1946 4353 2115 4424 omnibus
2140 4360 2307 4451 supposi-
2348 4386 2350 4393 ·

721 4471 879 4546 tionibus
899 4476 1160 4571 hypotheticis,
1188 4480 1320 4574 quibus
1344 4479 1579 4575 supersedere
1604 4502 1814 4575 possumus,
1842 4481 2033 4552 abstinere.
2083 4482 2213 4573 Quum
2238 4486 2305 4560 ito*
