4764 5334
1010 285 1330 396 .-4a'-

391 562 505 631 etiam
529 491 859 715 seqtuturg-'g-
819 594 860 610 ·“
893 495 1000 708 ’ξ’-ἕ,
1047 578 1108 646 θῑ
1120 601 1228 674 ΡΥΟῙΙΙ
1268 584 1399 682 Q?-
1432 582 1580 680 (Μ’
1529 537 1762 730 Μαι(
1787 533 1963 745 ἕξ)

392 737 444 812 At
469 745 499 813 si
525 745 725 819 functiones
743 752 792 843 s,
817 755 855 823 F
879 755 994 849 legem
1015 758 1194 832 diuersam
1221 777 1475 859 sequerentur,
1506 722 1604 841 baud
1628 776 1845 875 impossibile
1864 803 1964 882 emet,

739 872 808 978 0'9
1177 905 1180 911 ’
1713 893 1760 978 Θ’

391 948 432 1005 rt
456 941 614 1011 valore
604 946 713 1035 ipsius
737 981 808 1083 Π)
836 952 994 1044 rapidius
1019 955 1263 1047 decrescente,
1290 983 1397 1051 quam
1420 963 1578 1084 valore
1566 968 1676 1058 ipsius
1702 929 1805 1106 ῶ-ἕ,
1822 978 1959 1056 functio

390 1121 428 1203 Q
435 1146 476 1216 p,
509 1124 615 1189 iutra
631 1084 805 1199 ambitum
837 1131 1000 1203 valorum
1029 1119 1318 1210 insensibilium
1307 1143 1416 1231 ipsius
1438 1167 1478 1240 p,
1515 1147 1633 1235 primo
1659 1149 1759 1220 fieret
1782 1165 1958 1251 negatiua,

387 1253 429 1309 et
451 1256 641 1338 postquam
667 1255 836 1347 attigisset
868 1257 1028 1328 valorem
1057 1282 1162 1369 suum
1189 1267 1376 1334 minimum
1401 1263 1437 1357 (i.
1454 1291 1484 1337 e
1513 1282 1713 1343 extremum
1735 1283 1955 1381 negatiuum)

369 1390 516 1455 ‚rursus
538 1375 745 1480 ascenderet
767 1405 835 1474 per
859 1383 1016 1455 valorem
1041 1398 1067 1464 0
1091 1410 1213 1458 versus
1230 1389 1379 1459 limitem
1405 1413 1509 1462 suum
1531 1398 1723 1485 positiuum
1747 1432 1811 1478 aa
1826 1442 1876 1460 -
1893 1412 1954 1494 ξς,
2005 1460 2007 1465 -

389 1495 433 1565 In
455 1497 518 1567 tali
541 1521 625 1568 casu
635 1472 899 1596 aequilibrium
925 1511 1044 1601 vtique
1068 1513 1265 1604 postularet
1291 1528 1410 1585 cutem
1431 1519 1689 1613 insensibilem,
1726 1531 1827 1599 cuius
1853 1554 1954 1606 cras·
1977 1610 1981 1617 ⁴

389 1625 486 1691 sities
523 1628 738 1714 generaliter
771 1632 951 1725 loquendo
989 1645 1090 1704 tanta
1125 1659 1199 1707 esse
1236 1640 1400 1727 deberet,
1442 1653 1481 1712 vt
1514 1647 1577 1744 Qp
1616 1648 1713 1719 haud
1744 1656 1956 1732 sensibiliter

323 1819 326 1825 ,
391 1749 568 1841 discrepet
606 1775 630 1819 a
667 1755 790 1824 valore
823 1780 894 1839 suo
939 1761 1098 1829 minimo.
1166 1763 1240 1851 Qui
1276 1767 1306 1834 si
1342 1789 1409 1860 per
1430 1805 1478 1821 -·
1503 1762 1589 1847 ἵζ’
1626 1775 1834 1866 denotatur,
1885 1791 1955 1858 erit

375 1868 478 1951 ,ζ”ζ
504 1891 542 1970 ς
577 1874 648 1966 &83
672 1877 788 1969 figura
813 1893 932 1950 autem
956 1888 1067 1975 partis
1091 1885 1327 1959 substantialis
1352 1893 1452 1960 fluidi
1474 1899 1625 1985 perinde
1649 1903 1978 2001 determinabitur,

391 2025 432 2068 ac
458 2004 488 2069 si
514 2014 604 2071 esset
627 2004 665 2070 in
697 2028 799 2092 vase,
834 2009 935 2077 cuius
966 2021 1131 2101 respectu
1152 2011 1232 2081 loco
1262 2004 1466 2108 quantitatis
1489 2018 1547 2098 ἔξ
1567 2024 1781 2134 substituere
1812 2048 1953 2126 oportet

389 2121 477 2206 ξ”ζ
477 2178 489 2213 ,
513 2151 535 2195 ι
556 2151 585 2195 e.
611 2130 760 2219 angulus
780 2132 881 2200 inter
897 2133 1045 2225 planum
1065 2135 1293 2228 superficiem
1318 2141 1419 2210 fluidi
1442 2144 1628 2214 liberam
1617 2171 1654 2215 m
1674 2124 1838 2222 confiniis
1862 2181 1952 2248 pgr.
1979 2212 1983 2218 .

1774 2266 1838 2346 C'·

323 2366 331 2381 ·
389 2325 434 2392 tis
467 2288 705 2393 substantialis
733 2335 880 2417 tangens
918 2338 1024 2422 atque
1054 2330 1229 2421 parietem
1263 2334 1352 2402 vasis
1386 2339 1517 2406 erit:
1541 2354 1656 2420 aare.
1687 2343 1741 2410 sin
1770 2374 1821 2472 ἶ.
1877 2329 1950 2428 Sed

389 2529 503 2600 quum
535 2506 636 2576 valde
671 2507 819 2575 dubium
845 2509 907 2593 sit,
940 2531 986 2576 an
1015 2508 1096 2577 talis
1130 2531 1231 2578 casus
1263 2511 1301 2578 in
1334 2533 1455 2580 rerum
1491 2492 1620 2584 natura
1653 2526 1787 2600 exstet,
1825 2540 1956 2620 supen-

389 2635 505 2703 tluum
533 2633 690 2719 videtur,
726 2634 858 2701 diutius
880 2634 914 2701 ei
936 2634 1130 2703 immorari.

1105 2847 1110 2857 ’
1141 2876 1210 2956 aa.

506 3026 676 3098 Alienum
711 3028 804 3096 soret
828 3026 873 3094 ab
898 3027 1060 3095 instituto
1092 3040 1215 3096 nostro
1240 3035 1447 3118 praesente,
1487 3052 1509 3097 a
1530 3028 1713 3121 principiis
1732 3029 1997 3142 generalibus·

391 3159 451 3225 hic
478 3156 639 3225 stabilitis
663 3156 708 3222 ad
732 3155 982 3246 phaenomena
1006 3153 1172 3245 specialia
1197 3153 1434 3232 descendere,
1459 3156 1670 3244 praesertim
1695 3157 1792 3246 quod
1814 3154 1961 3226 illorum

389 3283 653 3375 principiorum
682 3282 834 3349 essentia
863 3279 1015 3371 quadrat
1039 3302 1123 3346 oum
1147 3278 1285 3346 theoria
1307 3299 1368 3364 ea,
1406 3299 1473 3369 per
1502 3303 1609 3370 quam
1633 3279 1682 3349 ill.
1706 3279 1865 3372 Laplace
1893 3304 1961 3353 ae·

393 3408 492 3500 quali
526 3417 602 3474 arte
626 3417 662 3473 et
689 3429 852 3475 successu
882 3405 1062 3496 permulta
1081 3403 1331 3496 phaenomena
1354 3404 1394 3473 in
1409 3404 1628 3503 ⁸aequilibrio
1654 3406 1848 3476 fluidorum
1873 3431 1964 3478 con-

323 3506 326 3512 *
393 3535 518 3625 spicue
550 3535 622 3599 iam
653 3532 853 3624 explicauit.
919 3527 1054 3600 Vastus
1086 3530 1206 3622 vtique
1236 3540 1399 3622 superest
1432 3515 1600 3624 campus,
1643 3531 1798 3624 largam·
1810 3554 1964 3604 messem

394 3654 532 3727 nouam
567 3658 755 3749 pollicens:
792 3658 855 3743 sed
880 3653 969 3723 haec
996 3657 1090 3724 curis
1120 3656 1264 3724 futuris-
1280 3667 1464 3725 reseruata
1492 3668 1646 3757 maneat.
1714 3660 1849 3728 Contra
1880 3685 1901 3728 e
1925 3682 1966 3728 re

396 3788 487 3868 erit,
508 3785 696 3876 ¹quasdam
720 3782 969 3850 annotationes
1000 3783 1173 3868 adiicere,
1211 3802 1301 3874 quae
1332 3780 1390 3850 vel
1422 3802 1555 3851 nouam
1586 3782 1704 3852 lucem
1737 3785 1821 3853 huic
1855 3806 1992 3878 argu-·

397 3921 520 3980 mento
547 3911 753 3995 affundere,
778 3905 835 3978 vel
857 3907 1191 4000 interpretationem
1211 3906 1400 3976 erro'n'eam
1422 3927 1545 3976 arcere
1570 3919 1750 4001 poterunt

513 4037 540 4107 1.
565 4034 724 4102 'l'heoria
743 4043 872 4103 nostra
892 4037 966 4101 non
992 4045 1138 4126 arrogat
1162 4033 1229 4101 sibi
1255 4034 1588 4117 determinationem
1610 4033 1748 4127 figurae
1773 4035 1970 4129 aequilibrii

401 4162 655 4232 mathematice
678 4171 863 4247 exactam,
891 4161 954 4226 sed
977 4160 1168 4251 acquiescit
1195 4160 1233 4227 in
1258 4160 1555 4229 determinatione
1579 4160 1714 4254 figurae
1736 4162 1835 4250 talis,
1856 4185 1879 4230 a
1903 4185 1973 4255 qua

401 4291 520 4382 figura
546 4287 744 4379 aequilibrii
775 4310 861 4357 vera
887 4287 1033 4354 differre
1056 4286 1181 4377 nequit
1207 4287 1403 4377 quantitate
1430 4287 1595 4356 sensibili.
1658 4287 1830 4372 Errares,
1858 4289 1888 4356 si
1907 4288 1974 4355 hoc

403 4416 511 4486 alicui
540 4413 804 4504 imperfectioni
833 4412 992 4481 theoriae
1027 4412 1226 4500 tribueres,
1270 4435 1361 4504 quae
1396 4435 1441 4481 ex
1467 4436 1542 4483 asse
1566 4415 1764 4509 praestitit,¹
1803 4423 1976 4506 quantum
2022 4457 2025 4462 -

1468 4553 1493 4623 7
1536 4626 1546 4639 .
