4764 5334
1431 302 1718 383 ..50-

790 514 975 599 praestare
1008 494 1174 593 possibile
1206 504 1278 573 est,
1322 491 1496 587 quamdiu
1537 497 1598 565 lex
1638 494 1856 565 attractionis
1898 492 2122 565 mobealaris
2159 495 2360 589 ignoratur.

789 629 830 697 Ia
856 638 950 697 statu
970 622 1169 716 aequilibrii
1188 620 1325 689 functio
1351 621 1397 697 Ω
1420 634 1544 693 exacte
1565 624 1763 693 maximum
1788 642 1863 693 esse
1885 620 2013 712 debet,
2037 623 2202 719 adeoque
2228 621 2361 692 functio

957 740 1156 840 incedo
1270 746 1315 823 Ω

957 849 1315 865 *-—

1039 900 1067 968 δ’
1259 900 1287 966 ἕ
1296 900 1315 942 ⁶

793 1002 999 1093 minimum5
1040 1000 1130 1069 haee
1163 1011 1300 1085 autem,
1336 1022 1403 1093 pro
1436 1000 1556 1069 indole
1586 1000 1804 1069 attractionis
1834 1000 2075 1087 miscuistis,
2108 1020 2188 1069 non
2220 998 2358 1092 quidem

795 1139 919 1207 exacte
946 1126 1103 1219 aequalis
1133 1134 1187 1193 est
1210 1125 1386 1194 functioni
1413 1126 1485 1212 W,
1518 1138 1675 1196 attamen
1698 1126 1949 1197 insensibiliter
1974 1136 2116 1197 tantum
2142 1124 2190 1193 ab
2224 1146 2270 1191 ea
2290 1122 2360 1191 dii-

794 1248 875 1319 l'ert.
931 1253 1066 1342 Figura
1085 1253 1213 1344 igitur,
1246 1275 1313 1344 pro
1334 1275 1406 1344 qua
1432 1255 1491 1325 W
1509 1253 1551 1322 fit
1573 1254 1781 1339 minimum,
1823 1274 1897 1321 non
1923 1264 1977 1323 est
2004 1262 2131 1321 exacta
2155 1249 2277 1341 figura
2299 1272 2361 1316 ae·

719 1358 725 1367 ⁸
797 1374 969 1466 quilibrii,
1004 1378 1066 1445 sed
1091 1378 1293 1447 differentia
1318 1400 1394 1446 esse
1415 1378 1521 1447 debet
1542 1378 1774 1461 insensibilis,
1810 1388 1986 1469 quatenus
2010 1376 2156 1471 quidem
2183 1373 2360 1467 quaelibet

794 1501 946 1566 mutatio
969 1502 1142 1571 sensibilis
1166 1506 1264 1572 istius
1292 1503 1428 1596 figurae
1456 1504 1614 1575 valorem
1647 1502 1859 1572 sensibiliter
1888 1506 2062 1573 maiorem
2089 1500 2293 1571 functionis
2313 1500 2364 1569 W

795 1624 1018 1712 produceret.
1075 1626 1265 1697 Manifesta
1299 1631 1382 1697 hine
1405 1654 1479 1700 non
1504 1630 1705 1698 excluditur
1730 1629 1931 1697 differentia
1962 1628 2137 1699 sensibilis
2163 1629 2204 1694 in
2233 1648 2361 1695 curua-

795 1758 878 1815 tura
908 1751 1128 1843 superficiei,
1171 1755 1368 1823 dummodo
1399 1756 1573 1823 limitetur
1608 1756 1655 1823 ad
1688 1765 1829 1846 partem
1869 1754 2072 1846 superficiei
2104 1751 2359 1821 insensibilem:

799 1888 1016 1968 quapropter
1044 1880 1082 1947 in
1110 1878 1224 1970 figura
1256 1881 1454 1971 aequilibrii
1487 1892 1612 1949 exacta
1642 1880 1812 1972 angulum
1842 1890 2066 1949 constantem
2099 1901 2214 1971 supra
2240 1900 2307 1972 per
2327 1878 2363 1947 A

799 1995 1006 2072 denotatum
1031 2004 1127 2073 ltaud
1158 2004 1311 2096 amplius
1343 2009 1570 2075 considerare
1601 2008 1685 2073 licet
1714 2018 1896 2099 tamquam
1928 2005 2200 2074 inclinationem
2236 2026 2361 2097 super-

798 2120 890 2188 ficiei
914 2128 1015 2187 fluidi
1039 2131 1085 2192 ad
1110 2131 1283 2218 parietem
1308 2134 1400 2203 rasis
1421 2135 1458 2201 in
1482 2136 1561 2225 ipso
1590 2143 1774 2219 contactu,
1804 2135 1866 2203 sed
1890 2134 2141 2201 tantummodo
2161 2134 2204 2201 in
2227 2132 2362 2201 distan-

798 2248 847 2312 tia
869 2247 1145 2319 immensurabili
1170 2278 1192 2320 a
1216 2279 1317 2341 vase,
1343 2260 1438 2341 siue,
1467 2270 1504 2327 rt
1528 2259 1575 2326 ill.
1599 2257 1755 2351 Laplace
1777 2270 1874 2327 reete
1899 2260 1972 2329 iam
1998 2260 2157 2345 monuit,
2183 2258 2361 2326 inclinatio

795 2374 832 2425 sn
865 2360 977 2437 limite
1000 2376 1174 2467 sphaerae
1194 2380 1368 2451 sensibilis
1392 2386 1609 2452 attractionis
1640 2386 1732 2455 rasis
1766 2407 1849 2453 eum
1877 2384 1999 2458 valore
2031 2386 2142 2477 ipsius
2176 2386 2221 2455 A
2250 2384 2361 2455 sensi-

795 2476 913 2557 biliter
946 2492 1131 2561 coincidet

852 2608 859 2619 ’
906 2608 949 2675 II.
991 2610 1110 2683 Probe
1146 2620 1360 2716 distinguere
1401 2643 1543 2722 oportet
1587 2634 1736 2725 figuram
1775 2637 1975 2731 aequilibrii
2013 2664 2035 2707 a
2075 2638 2194 2733 figura
2232 2638 2360 2733 quietis.

796 2730 945 2815 Quoties
976 2736 1126 2810 fluidum
1159 2752 1275 2818 estin
1308 2764 1403 2823 statu
1434 2755 1652 2849 aequilibrii,
1694 2774 1791 2831 certo
1820 2766 1858 2833 in
1885 2788 1929 2833 eo
1953 2788 2191 2857 perseuerare
2216 2765 2358 2833 debebit.

792 2856 840 2921 At
864 2860 1000 2947 quoties
1029 2862 1144 2954 figura
1168 2872 1514 2970 lluidialiquantum
1540 2908 1561 2951 a
1584 2884 1699 2976 figura
1724 2889 1923 2981 aequilibrii
1948 2892 2088 2979 differt,
2128 2892 2353 2961 nihilomiuus

793 2983 953 3052 accidese
981 3000 1098 3078 potest
1105 3043 1119 3075 ,
1159 3005 1197 3065 rt
1230 2998 1381 3072 lluidum
1418 3006 1475 3077 vel
1503 3009 1541 3075 iu
1573 3012 1692 3101 quiete
1719 3028 1948 3105 permaneat,
1985 3016 2062 3106 vel,
2096 3020 2127 3087 si
2157 3030 2351 3104 incusatur,

791 3119 930 3178 motum
953 3114 1024 3181 iam
1046 3121 1203 3208 amittat,
1237 3137 1427 3221 antequam
1455 3146 1586 3203 statum
1611 3139 1811 3231 aequilibrii
1835 3145 2007 3235 attigerit,
2039 3146 2193 3237 perinde
2219 3158 2259 3215 rt
2281 3169 2308 3211 e.
2321 3168 2349 3235 g·

791 3234 901 3304 cubus
942 3239 1048 3330 plano
1085 3246 1300 3319 horizontali
1339 3268 1478 3327 tantum
1522 3262 1707 3354 impositus
1744 3267 1782 3335 in
1817 3270 2025 3362 aequilibrio
2067 3284 2254 3359 versatur,
2293 3270 2347 3339 sed

790 3360 896 3428 etiam
925 3386 1033 3457 supra
1060 3372 1208 3462 planum
1238 3378 1447 3451 inclinatum
1481 3388 1663 3478 quiescere
1694 3404 1829 3484 potest,
1862 3396 2029 3467 frictione
2062 3410 2207 3469 motum
2238 3400 2346 3491 impe-

790 3483 920 3571 diente.
978 3490 1033 3560 Ita
1056 3496 1206 3569 fluidum
1236 3504 1344 3575 talem
1370 3520 1501 3580 statum
1534 3538 1731 3609 occupans,
1762 3542 1829 3612 pro
1864 3544 1935 3612 quo
1969 3524 2027 3593 W
2055 3524 2167 3593 habet
2197 3524 2344 3597 valorem

788 3610 999 3695 minimum,
1033 3632 1131 3692 certo
1153 3629 1324 3718 quiescet:
1361 3636 1425 3703 sed
1456 3641 1594 3729 quoties
1623 3656 1676 3712 est
1697 3647 1735 3713 in
1771 3656 1863 3713 statu
1898 3646 1944 3715 ab
1975 3648 2039 3717 illo
2063 3651 2229 3741 diuers03
2263 3660 2343 3743 ¹puta

789 3735 848 3804 vbi
875 3742 934 3857 (V
948 3744 1192 3821 diminutionis
1217 3779 1329 3847 capax
1355 3772 1426 3845 est,
1465 3786 1511 3833 cx
1534 3766 1604 3835 hoc
1633 3781 1728 3839 statu
1752 3774 1790 3841 in
1819 3784 1951 3843 statum
1976 3776 2180 3867 aequilibrii
2207 3789 2342 3847 eatenus

787 3872 925 3935 tantum
950 3875 1137 3965 transibit,
1167 3894 1343 3972 quatenus
1365 3888 1484 3959 frictio
1507 3917 1581 3963 non
1607 3896 1844 3989 impediuerit.
1894 3900 2018 3969 lloece
2041 3914 2167 3973 autem
2187 3912 2341 3997 respectu

787 3988 879 4058 duae
914 3998 1135 4071 conditiones
1168 4010 1365 4099 aequilibrii
1402 4022 1635 4089 essentialiter
1668 4024 1831 4093 diuersae
1858 4038 1951 4097 sunt.
2011 4028 2159 4097 Scilicet
2190 4028 2340 4123 aequatio

785 4114 1061 4195 fundamentalis
1087 4132 1187 4220 prior
1212 4134 1291 4228 (art.
1311 4140 1375 4235 28)
1397 4145 1643 4238 independens
1661 4162 1720 4218 -est
1745 4176 1767 4219 a
1790 4152 2026 4221 mutabilitate
2050 4154 2179 4225 limitis
2199 4156 2259 4241 P,
2284 4130 2363 4233 ie.¹

668 4323 678 4338 .
786 4241 832 4309 ad
856 4249 1095 4323 conditionem
1120 4260 1260 4329 minimi
1287 4274 1371 4336 tunc
1405 4294 1547 4364 quoque
1573 4279 1792 4366 necessaria,
1834 4278 1893 4349 vbi
1916 4278 1975 4347 hie
2002 4278 2110 4349 limes
2133 4280 2341 4353 inuariabiit

784 4374 1012 4473 supponitur:
1037 4399 1271 4481 quapropter,
1293 4406 1468 4483 quatenus
1488 4400 1632 4489 quidem
1653 4402 1805 4475 liuidum
1827 4406 1987 4499 perfecta
2005 4406 2191 4479 fluiditate
2212 4408 2340 4505 gasat.

1842 4680 1854 4723 l
