4302 5496
814 425 1101 507 -9-

171 615 324 692 duidum
356 547 502 712 agentes
532 628 674 690 motum
705 618 888 694 internum
928 605 1029 692 fluidi
1052 619 1265 716 producere
1296 641 1373 693 non
1408 635 1534 718 posse,
1574 627 1638 700 aad
1671 628 1737 702 sibi

171 743 421 844 asquitbrium
451 744 579 818 facere.

933 989 975 1068 6.

281 1157 539 1251 Progredimur
569 1157 616 1226 ad
648 1155 906 1226 accuratiorem
937 1153 1249 1248 inuestigationem
1281 1155 1521 1250 expressionis
1545 1155 1612 1244 Ω,
1644 1181 1737 1254 quse

170 1289 354 1374 tamquam
386 1277 659 1352 fundamentum
700 1273 864 1350 theoriae
899 1281 1099 1376 aequilibrii
1132 1281 1327 1350 fluidorum
1366 1281 1585 1350 considerari
1618 1283 1735 1355 debet.

167 1403 376 1499 incipiendo
405 1430 429 1478 a
453 1405 609 1477 termino
642 1405 780 1498 primo,
817 1414 945 1498 sponte
976 1415 1094 1500 patet,
1122 1405 1240 1498 fads
1272 1405 1443 1475 exhrbere
1472 1408 1736 1498 productnme

167 1527 349 1606 columine
380 1519 484 1626 spatii
516 1531 601 1602 sin
631 1529 856 1600 altitudinem
885 1531 1007 1599 centri·
1029 1529 1214 1622 grauitatis
1251 1530 1327 1598 eius
1360 1551 1470 1622 supra
1499 1531 1650 1623 planum
1679 1535 1733 1623 H,

167 1654 330 1750 adeoque
361 1655 497 1749 cszde
527 1656 746 1749 productum
780 1674 938 1742 massas,
972 1653 1143 1746 gcszds
1173 1655 1391 1747 productum
1426 1654 1597 1746 ponderis
1632 1657 1734 1728 fluidi

165 1781 206 1852 ιιι
232 1775 387 1858 eandem
421 1781 655 1852 altitudinem.
722 1779 864 1869 Quodsi
897 1781 1019 1872 itaquo
1053 1787 1173 1870 partes
1213 1779 1314 1848 fluidi
1347 1787 1492 1872 praeter
1520 1783 1733 1872 grauitatem

165 1903 227 1976 alii
260 1907 301 1995 ιι
323 1929 398 1980 uon
432 1916 550 1980 essem
582 1903 779 1993 obnoxiae,
815 1903 966 1976 altitudo
991 1903 1105 1972 centri
1127 1904 1312 1996 grauitatis
1335 1904 1375 1972 in
1407 1913 1502 1972 statu
1532 1908 1733 1999 aequilibrii
1806 1882 1809 1886 .

168 2051 245 2102 mse
266 2031 414 2106 deberet
436 2053 545 2129 quam
570 2031 739 2120 minima,
771 2030 867 2106 vnde
890 2029 996 2100 facile
1020 2026 1213 2119 colligitur,
1249 2027 1450 2121 superficiei
1473 2039 1612 2121 partem
1637 2033 1733 2104 libe.

166 2175 266 2245 ram,
304 2179 370 2230 seu
400 2169 520 2254 partes
549 2158 703 2248 liberas,
733 2155 773 2226 ιιι
800 2175 874 2230 ruo
899 2156 1098 2248 eodemque
1121 2152 1230 2246 plano
1252 2151 1467 2224 horizontali
1485 2175 1564 2226 esso
1588 2157 1732 2250 debere,

161 2279 315 2364 fluidum
344 2305 500 2382 superno
529 2285 713 2356 ιιιιιιιιιιιο.
1435 2257 1439 2266 ⁸

930 2574 971 2654 6.

278 2749 448 2823 Euolutio
471 2750 617 2822 termini
643 2747 792 2820 secundi
822 2755 865 2826 et,
883 2743 981 2815 tertii
1008 2740 1167 2812 retertur
1186 2739 1241 2810 ad
1261 2737 1352 2810 duos
1376 2760 1479 2812 casus
1501 2743 1734 2836 particulares

166 2877 399 2976 problematis
432 2877 623 2974 generalis,
662 2875 744 2964 vbi,
776 2869 970 2970 propositis
1004 2867 1143 2942 duobus
1174 2857 1296 2970 spatiis
1328 2865 1617 2964 quibuscunque,
1643 2874 1733 2944 sin.

166 3005 251 3100 gula
281 3003 458 3100 elementa
484 3005 594 3099 primi
623 3001 729 3096 spatii
753 3021 837 3068 cum
865 2993 1012 3090 singulis
1043 2991 1228 3062 elementis
1258 2995 1403 3064 secundi
1437 2995 1658 3088 combinari,
1698 3011 1735 3070 et

166 3131 343 3226 producta
373 3153 394 3200 e
420 3131 535 3200 ternis
561 3127 774 3215 factoribus,
812 3132 902 3220 puta
929 3118 1154 3194 evolumins
1181 3119 1348 3190 elementi
1371 3123 1477 3215 spatii
1499 3124 1627 3216 primi,
1663 3147 1733 3199 vo-

167 3255 303 3346 lumino
334 3257 503 3328 elementi
534 3257 640 3350 spatii
670 3254 839 3342 secundi,
878 3257 915 3318 et
941 3247 1128 3318 functione
1159 3245 1242 3316 data
1273 3246 1461 3316 distantiae
1491 3258 1658 3339 mutuae,
1693 3251 1731 3322 in

43 3363 48 3372 ’
167 3407 345 3456 summam
370 3384 487 3478 colligi
511 3383 653 3476 debent
701 3379 898 3452 Terminus
927 3373 1107 3445 secundus
1130 3370 1289 3440 refertur
1316 3369 1363 3440 ad
1384 3393 1506 3442 casum
1531 3394 1646 3454 cums
1669 3373 1730 3447 vbi

168 3512 275 3584 ambo
300 3513 415 3606 spatia
437 3511 594 3582 identica
618 3520 720 3598 sunt,
750 3501 877 3576 tertius
902 3501 950 3570 ad
969 3521 1073 3587 eum,
1088 3513 1091 3520 “
1108 3495 1167 3570 vbi
1188 3496 1342 3566 alterum
1362 3497 1517 3591 spatium
1535 3509 1651 3568 totum
1676 3511 1730 3571 est

166 3650 269 3710 extra
291 3637 461 3710 alterum:
490 3637 680 3732 problema
698 3631 919 3726 completum
944 3627 1035 3696 duos
1059 3624 1148 3694 alios
1174 3633 1276 3694 ca'sus
1298 3621 1568 3717 complectitur,
1597 3625 1731 3696 scilicet
1825 3664 1832 3672 ·

167 3768 227 3839 vbi
249 3765 306 3839 vel
328 3765 480 3835 alterum
508 3765 663 3858 spatium
689 3774 850 3855 estpars
876 3753 1042 3838 alteriue,
1079 3751 1136 3824 vel
1162 3750 1314 3818 alterum
1335 3773 1417 3818 cum
1449 3749 1563 3820 altero
1588 3761 1728 3844 partem

166 3914 395 3964 communem
423 3875 541 3959 habet
598 3888 830 3980 Quamquam
859 3903 947 3954 vero
972 3889 1052 3948 tum
1072 3877 1145 3945 duo
1166 3875 1305 3982 priores
1326 3897 1428 3944 casus
1453 3875 1500 3942 ad
1524 3876 1726 3946 institutum
1843 3937 1847 3942 .

164 4030 329 4092 nostrum
360 4015 546 4106 sufficere,
583 4022 662 4082 tum
687 4012 760 4079 duo
790 4007 919 4100 reliqui
950 4003 997 4072 ad
1025 3988 1104 4074 illos
1130 4000 1234 4068 facile
1256 3999 1381 4068 reduci
1404 4007 1568 4092 possent,
1605 4009 1726 4070 tamen

166 4142 482 4244 operaepretium
507 4139 600 4228 erit,
634 4135 824 4244 problema
846 4151 914 4226 per
946 4149 985 4198 se
1014 4129 1097 4237 satis
1126 4127 1263 4218 insigne
1296 4123 1527 4217 generalitate
1549 4125 1727 4218 completa

164 4271 340 4367 amplecti.
388 4267 571 4362 Spatium
589 4265 658 4334 bac
682 4261 926 4358 disquisitione
947 4251 1105 4348 generali
1127 4274 1195 4345 per
1217 4251 1325 4338 s,S,
1347 4227 1568 4322 luuetiouem
1586 4251 1730 4322 distan-

164 4396 237 4471 tiae
260 4414 328 4492 per
352 4395 675 4466 characteristicum
707 4393 738 4492 φ
764 4383 1029 4469 denotabimus,
1068 4380 1119 4448 ita
1142 4377 1216 4450 ιι
1205 4399 1244 4446 ιιι
1269 4373 1504 4468 applicatione
1529 4377 1575 4444 ad
1598 4381 1729 4448 termi-

165 4545 254 4598 num
279 4519 477 4595 secundum
499 4519 579 4591 ιοιο
603 4520 714 4628 ipsius
739 4515 909 4608 sipsum
934 4507 1088 4604 spatium
1111 4527 1148 4594 ι,
1186 4503 1225 4572 in
1256 4499 1494 4594 applicatione
1523 4503 1569 4572 ad
1599 4506 1729 4576 termi-

1079 4642 1082 4648 '
1210 4637 1233 4705 2
